record_id,Date,Sales_Rep,Customer,Product,COGS,Sales,Country,State,Product_Rating,Service_Rating,Sales_Rep_Rating,Sales_Rating,Profit,Profit_Rank
S00051,10/16/17,Barbara C,Solar and Wind Inc.,XVI Item,4250.1646,7327.87,United States, Michigan,4.0,4.0,1.0,3.0,3077.7054,Large Profit
S00052,4/1/18,Barbara C,The Economist,QSA Item,6032.3582,6451.72,United States, Minnesota,4.0,1.0,5.0,3.3333333333333335,419.3618000000006,Small Profit
S00053,7/26/17,Barbara C,Amazon.com,HGB Item,3913.9425,5218.59,United States, Illinois,2.0,2.0,3.0,2.3333333333333335,1304.6475,Medium Profit
S00054,6/2/18,Barbara C,Office Depot,HNW Item,4484.9024,5096.48,United States, Indiana,3.0,2.0,2.0,2.3333333333333335,611.5775999999996,Medium Profit
S00055,4/23/19,Barbara C,Peet's Coffee,JXE Item,1673.6358,4523.34,United States, Iowa,1.0,4.0,1.0,2.0,2849.7042,Large Profit
S00056,4/10/19,Barbara C,Yahoo,WLI Item,2373.2788,4091.86,United States, Michigan,3.0,5.0,1.0,3.0,1718.5812,Medium Profit
S00057,5/7/18,Barbara C,Home Depot,NEJ Item,2608.936,2964.7,United States, Minnesota,3.0,3.0,2.0,2.6666666666666665,355.76399999999967,Small Profit
S00058,4/1/18,Barbara C,Amazon.com,SQN Item,1506.989,2739.98,United States, Missouri,2.0,2.0,2.0,2.0,1232.991,Medium Profit
S00059,11/4/17,Barbara C,Whole Foods,ZMB Item,1445.4115,2449.85,United States, Ohio,2.0,1.0,4.0,2.3333333333333335,1004.4385,Medium Profit
S00060,10/15/18,Barbara C,Costco,WIL Item,815.2089,1381.71,United States, Wisconsin,3.0,1.0,5.0,3.0,566.5011000000001,Medium Profit
S00061,3/16/18,Barbara C,Amazon.com,ABM Item,335.06,609.2,United States, Illinois,5.0,5.0,3.0,4.333333333333333,274.14000000000004,Small Profit
S00062,3/21/19,Catherine W,Peet's Coffee,JOG Item,4823.687,8770.34,United States, Indiana,1.0,3.0,5.0,3.0,3946.6530000000002,Large Profit
S00063,9/30/17,Catherine W,Office Depot,KYB Item,3236.7341,8747.93,United States, Iowa,3.0,1.0,1.0,1.6666666666666667,5511.195900000001,Large Profit
S00064,5/16/19,Catherine W,Costco,LGL Item,4533.7575,6045.01,United States, Michigan,5.0,5.0,5.0,5.0,1511.2525000000005,Medium Profit
S00065,4/18/19,Catherine W,Amazon.com,VWP Item,2322.1385,4222.07,United States, Minnesota,5.0,2.0,2.0,3.0,1899.9314999999997,Medium Profit
S00066,4/5/19,Catherine W,Peet's Coffee,FEP Item,1451.0068,3921.64,United States, Illinois,3.0,2.0,2.0,2.3333333333333335,2470.6331999999998,Large Profit
S00067,3/26/19,Catherine W,Yahoo,KMU Item,2675.9325,3567.91,United States, Indiana,3.0,5.0,2.0,3.3333333333333335,891.9775,Medium Profit
S00068,7/27/18,Catherine W,McLendon's Hardware,UTT Item,1468.2327,2488.53,United States, Iowa,5.0,1.0,2.0,2.6666666666666665,1020.2973000000002,Medium Profit
S00069,10/28/18,Catherine W,Google,FRX Item,2044.34945,2186.47,United States, Michigan,2.0,3.0,5.0,3.3333333333333335,142.12054999999987,Small Profit
S00070,1/24/18,Catherine W,Costco,AZL Item,114.0255,253.39,United States, Minnesota,2.0,2.0,2.0,2.0,139.3645,Small Profit
S00071,6/17/17,Cherry M,ExcelIsVeryFun.com,MWN Item,6305.0008,9272.06,United States, Missouri,5.0,4.0,5.0,4.666666666666667,2967.0591999999997,Large Profit
S00072,2/11/18,Cherry M,ExcelIsVeryFun.com,VMC Item,4673.3074,7920.86,United States, Ohio,2.0,5.0,4.0,3.6666666666666665,3247.5526,Large Profit
S00073,1/7/18,Cherry M,Costco,MUQ Item,2486.4555,6720.15,United States, Wisconsin,5.0,1.0,2.0,2.6666666666666665,4233.6945,Large Profit
S00074,12/29/18,Cherry M,Home Depot,IND Item,2673.2412,6216.84,United States, Illinois,3.0,4.0,5.0,4.0,3543.5988,Large Profit
S00075,12/4/18,Cherry M,Home Depot,RTF Item,2741.013,5017.27820236261,United States, Indiana,1.0,5.0,1.0,2.3333333333333335,2276.2652023626097,Large Profit
S00076,11/29/17,Cherry M,Yahoo,XAQ Item,2669.4,5932.0,United States, Iowa,3.0,2.0,3.0,2.6666666666666665,3262.6,Large Profit
S00077,12/14/17,Cherry M,Nature Company,PZB Item,2046.6315,4548.07,United States, Michigan,4.0,2.0,2.0,2.6666666666666665,2501.4384999999997,Large Profit
S00078,9/12/17,Cherry M,Nature Company,VRD Item,3673.2696,4174.17,United States, Minnesota,1.0,3.0,5.0,3.0,500.9004,Medium Profit
S00079,3/28/19,Cherry M,Peet's Coffee,NOC Item,1539.5333,3580.31,United States, Illinois,5.0,3.0,2.0,3.3333333333333335,2040.7767,Large Profit
S00080,2/19/19,Cherry M,Office Depot,HUJ Item,949.518,2110.04,United States, Indiana,4.0,5.0,1.0,3.3333333333333335,1160.522,Medium Profit
S00081,4/21/18,Cherry M,Nature Company,CSJ Item,731.8193,1977.89,United States, Iowa,5.0,1.0,2.0,2.6666666666666665,1246.0707000000002,Medium Profit
S00082,11/22/18,Cherry M,Office Depot,JKP Item,1014.3214,1748.83,United States, Michigan,2.0,3.0,1.0,2.0,734.5085999999999,Medium Profit
S00083,6/24/18,Cherry M,The Economist,NXJ Item,555.7387,941.93,United States, Minnesota,1.0,1.0,2.0,1.3333333333333333,386.19129999999996,Small Profit
S00084,10/3/18,Dan,McLendon's Hardware,EVO Item,9189.7784,9828.64,United States, Missouri,5.0,2.0,1.0,2.6666666666666665,638.8616000000002,Medium Profit
S00085,6/3/18,Dan,ExcelIsVeryFun.com,DWQ Item,4050.4581,5017.27820236261,United States, Ohio,5.0,4.0,5.0,4.666666666666667,966.8201023626098,Medium Profit
S00086,12/18/18,Dan,Office Depot,GCU Item,4920.1226,8482.97,United States, Wisconsin,5.0,4.0,3.0,4.0,3562.8473999999997,Large Profit
S00087,2/6/19,Dan,McLendon's Hardware,DLN Item,7334.85995,7844.77,United States, Illinois,4.0,3.0,2.0,3.0,509.9100500000004,Medium Profit
S00088,9/30/17,Dan,Office Depot,ZYT Item,6348.089,6789.4,United States, Indiana,4.0,4.0,4.0,4.0,441.3109999999997,Small Profit
S00089,8/30/17,Dan,Peet's Coffee,JYF Item,3931.9824,6779.28,United States, Iowa,3.0,5.0,4.0,4.0,2847.2976,Large Profit
S00090,7/17/18,Dan,Office Depot,IDZ Item,5375.1456,6108.12,United States, Michigan,1.0,3.0,1.0,1.6666666666666667,732.9744000000001,Medium Profit
S00091,12/9/17,Dan,Google,SZW Item,2607.7049,6064.43,United States, Minnesota,5.0,5.0,4.0,4.666666666666667,3456.7251,Large Profit
S00092,3/4/18,Dan,ExcelIsVeryFun.com,YAK Item,5245.7053,5610.38,United States, Illinois,3.0,1.0,2.0,2.0,364.6747000000005,Small Profit
S00093,11/16/18,Dan,Google,EKY Item,5142.92075,5500.45,United States, Indiana,3.0,1.0,3.0,2.3333333333333335,357.5292499999996,Small Profit
S00094,6/10/19,Dan,Home Depot,OSX Item,2336.3964,5433.48,United States, Iowa,4.0,5.0,3.0,4.0,3097.0835999999995,Large Profit
S00095,2/17/18,Dan,Peet's Coffee,AOB Item,3002.0096,4414.72,United States, Michigan,2.0,5.0,5.0,4.0,1412.7104000000004,Medium Profit
S00096,1/8/19,Dan,McLendon's Hardware,PQV Item,1201.9446,2795.22,United States, Minnesota,4.0,2.0,1.0,2.3333333333333335,1593.2753999999998,Medium Profit
S00097,7/1/18,Dana L,Yahoo,STL Item,7429.1272,8442.19,United States, Missouri,1.0,1.0,2.0,1.3333333333333333,1013.0628000000006,Medium Profit
S00098,11/5/18,Dana L,Google,FTH Item,7261.4696,8251.67,United States, Ohio,1.0,3.0,2.0,2.0,990.2003999999997,Medium Profit
S00099,12/22/18,Dana L,McLendon's Hardware,TGY Item,4847.263,8215.7,United States, Wisconsin,1.0,4.0,1.0,2.0,3368.437000000001,Large Profit
S00100,8/8/17,Dana L,Costco,SPK Item,7632.0684,8162.64,United States, Illinois,4.0,4.0,3.0,3.6666666666666665,530.5716000000002,Medium Profit
S00101,9/22/18,Dana L,Solar and Wind Inc.,GWW Item,7160.4984,8136.93,United States, Indiana,3.0,3.0,2.0,2.6666666666666665,976.4315999999999,Medium Profit
S00102,3/1/19,Dana L,Whole Foods,STR Item,4421.1945,7493.55,United States, Iowa,4.0,3.0,2.0,3.0,3072.3555000000006,Large Profit
S00103,3/27/19,Dana L,McLendon's Hardware,DPY Item,5943.5552,6754.04,United States, Michigan,2.0,3.0,4.0,3.0,810.4848000000002,Medium Profit
S00104,4/13/19,Dana L,Office Depot,JXI Item,5416.98795,5793.57,United States, Minnesota,3.0,2.0,5.0,3.3333333333333335,376.58205,Small Profit
S00105,1/12/18,Dana L,Yahoo,AMO Item,2118.4757,5725.61,United States, Illinois,5.0,3.0,3.0,3.6666666666666665,3607.1342999999997,Large Profit
S00106,3/23/19,Dana L,Whole Foods,MCN Item,3132.0575,5694.65,United States, Indiana,4.0,4.0,2.0,3.3333333333333335,2562.5924999999997,Large Profit
S00107,6/27/17,Dana L,ExcelIsVeryFun.com,DWS Item,1990.1634,5378.82,United States, Iowa,2.0,5.0,5.0,4.0,3388.6566,Large Profit
S00108,5/30/19,Dana L,Sherman Williams,BSY Item,4190.1288,4761.51,United States, Michigan,3.0,5.0,4.0,4.0,571.3811999999998,Medium Profit
S00109,11/24/18,Dana L,Office Depot,WBX Item,3276.39895,3504.17,United States, Minnesota,3.0,2.0,3.0,2.6666666666666665,227.7710500000003,Small Profit
S00110,2/10/19,Dana L,Home Depot,LYS Item,1088.6912,2531.84,United States, Missouri,3.0,1.0,5.0,3.0,1443.1488000000002,Medium Profit
S00111,3/23/18,Dana L,Sherman Williams,SOJ Item,1264.9718,2144.02,United States, Ohio,1.0,1.0,4.0,2.0,879.0482,Medium Profit
S00112,2/5/19,Dana L,ExcelIsVeryFun.com,OJW Item,486.1709,1130.63,United States, Wisconsin,1.0,3.0,2.0,2.0,644.4591,Medium Profit
S00113,9/30/17,Dana L,Whole Foods,CBL Item,444.07,807.4,United States, Illinois,3.0,5.0,3.0,3.6666666666666665,363.33,Small Profit
S00114,10/2/18,Daniil N,Home Depot,KNW Item,4428.512,8051.84,United States, Indiana,5.0,2.0,5.0,4.0,3623.3280000000004,Large Profit
S00115,6/6/18,Daniil N,Whole Foods,SUK Item,3305.367,7345.26,United States, Iowa,4.0,3.0,1.0,2.6666666666666665,4039.893,Large Profit
S00116,10/2/17,Daniil N,Costco,CLS Item,6662.8287,7126.02,United States, Michigan,1.0,3.0,2.0,2.0,463.1913000000004,Small Profit
S00117,3/30/19,Daniil N,Sherman Williams,DYV Item,3133.125,6962.5,United States, Minnesota,1.0,3.0,4.0,2.6666666666666665,3829.375,Large Profit
S00118,10/28/18,Daniil N,Solar and Wind Inc.,VMC Item,4705.0725,6273.43,United States, Illinois,4.0,1.0,1.0,2.0,1568.3575,Medium Profit
S00119,3/19/19,Daniil N,Sherman Williams,FYG Item,3434.025,4578.7,United States, Indiana,3.0,3.0,5.0,3.6666666666666665,1144.6749999999997,Medium Profit
S00120,4/10/18,Daniil N,Whole Foods,TVX Item,2059.2947,3490.33,United States, Iowa,1.0,2.0,1.0,1.3333333333333333,1431.0353,Medium Profit
S00121,12/29/18,Daniil N,Peet's Coffee,NFY Item,822.2653,1393.67,United States, Michigan,3.0,5.0,4.0,4.0,571.4047,Medium Profit
S00122,9/28/18,Daniil N,Yahoo,UNF Item,1000.4775,1333.97,United States, Minnesota,5.0,1.0,4.0,3.3333333333333335,333.49250000000006,Small Profit
S00123,9/28/18,Daniil N,Sherman Williams,DCC Item,1013.1176,1151.27,United States, Missouri,2.0,3.0,4.0,3.0,138.15239999999994,Small Profit
S00124,9/26/18,Daniil N,ExcelIsVeryFun.com,BYJ Item,403.8388,939.16,United States, Ohio,4.0,1.0,4.0,3.0,535.3212,Medium Profit
S00125,6/7/19,Desiree A,Nature Company,QDA Item,5395.126,9809.32,United States, Wisconsin,2.0,4.0,3.0,3.0,4414.1939999999995,Large Profit
S00126,7/23/18,Desiree A,Whole Foods,JRV Item,5299.4576,7793.32,United States, Illinois,3.0,1.0,1.0,1.6666666666666667,2493.8624,Large Profit
S00127,8/9/18,Desiree A,Peet's Coffee,GTP Item,4070.6401,6899.39,United States, Indiana,3.0,5.0,2.0,3.3333333333333335,2828.7499000000003,Large Profit
S00128,1/14/18,Desiree A,McLendon's Hardware,LXS Item,6385.7321,6829.66,United States, Iowa,5.0,5.0,5.0,5.0,443.9278999999997,Small Profit
S00129,2/18/18,Desiree A,Whole Foods,FKD Item,2924.2365,6800.55,United States, Michigan,3.0,4.0,3.0,3.3333333333333335,3876.3135,Large Profit
S00130,4/20/18,Desiree A,Costco,KXJ Item,4501.755,6002.34,United States, Minnesota,3.0,2.0,5.0,3.3333333333333335,1500.585,Medium Profit
S00131,12/23/18,Desiree A,Solar and Wind Inc.,FWO Item,4489.32,5985.76,United States, Illinois,2.0,4.0,5.0,3.6666666666666665,1496.4400000000005,Medium Profit
S00132,12/27/18,Desiree A,Sherman Williams,SWI Item,2325.6495,5168.11,United States, Indiana,5.0,1.0,1.0,2.3333333333333335,2842.4604999999997,Large Profit
S00133,5/16/18,Desiree A,Yahoo,HXF Item,2000.2826,4651.82,United States, Iowa,5.0,1.0,3.0,3.0,2651.5373999999997,Large Profit
S00134,4/3/19,Desiree A,Solar and Wind Inc.,KBV Item,3714.31555,3972.53,United States, Michigan,5.0,4.0,4.0,4.333333333333333,258.2144500000004,Small Profit
S00135,1/25/18,Desiree A,Sherman Williams,BPZ Item,3148.5256,3577.87,United States, Minnesota,3.0,1.0,3.0,2.3333333333333335,429.34439999999995,Small Profit
S00136,1/24/18,Desiree A,ExcelIsVeryFun.com,CTB Item,2303.4252,3387.39,United States, Missouri,2.0,2.0,5.0,3.0,1083.9647999999997,Medium Profit
S00137,1/5/19,Desiree A,Peet's Coffee,LWH Item,3128.8279,3346.34,United States, Ohio,5.0,2.0,3.0,3.3333333333333335,217.51209999999992,Small Profit
S00138,2/8/18,Desiree A,Google,WWB Item,1936.7625,2582.35,United States, Wisconsin,4.0,1.0,5.0,3.3333333333333335,645.5874999999999,Medium Profit
S00139,8/8/18,Dina,ExcelIsVeryFun.com,BDX Item,5623.762,9531.8,United States, Illinois,2.0,1.0,2.0,1.6666666666666667,3908.0379999999996,Large Profit
S00140,1/6/19,Dina,Amazon.com,ADY Item,8498.82275,9089.65,United States, Indiana,5.0,2.0,3.0,3.3333333333333335,590.8272500000003,Medium Profit
S00141,12/20/17,Dina,Amazon.com,ZON Item,4999.8842,8474.38,United States, Iowa,2.0,5.0,5.0,4.0,3474.495799999999,Large Profit
S00142,3/19/19,Dina,The Economist,KFB Item,4976.2783,8434.37,United States, Michigan,2.0,1.0,4.0,2.3333333333333335,3458.091700000001,Large Profit
S00143,11/12/17,Dina,Solar and Wind Inc.,PET Item,3504.6548,8150.36,United States, Minnesota,1.0,4.0,4.0,3.0,4645.7052,Large Profit
S00144,4/28/18,Dina,McLendon's Hardware,NBV Item,6469.4333,6919.18,United States, Illinois,3.0,3.0,1.0,2.3333333333333335,449.7467000000006,Small Profit
S00145,6/25/18,Dina,The Economist,SYE Item,3633.498,6606.36,United States, Indiana,5.0,2.0,1.0,2.6666666666666665,2972.8619999999996,Large Profit
S00146,3/15/19,Dina,Amazon.com,PMB Item,3260.004,3704.55,United States, Iowa,2.0,5.0,4.0,3.6666666666666665,444.5460000000003,Small Profit
S00147,6/10/18,Dina,The Economist,HGY Item,1411.174,3281.8,United States, Michigan,1.0,5.0,3.0,3.0,1870.6260000000002,Medium Profit
S00148,2/23/18,Dina,Google,JVF Item,924.2748,2498.04,United States, Minnesota,1.0,2.0,1.0,1.3333333333333333,1573.7651999999998,Medium Profit
S00149,8/9/17,Dina,Sherman Williams,ZEI Item,1370.5505,2491.91,United States, Missouri,3.0,4.0,3.0,3.3333333333333335,1121.3594999999998,Medium Profit
S00150,8/6/18,Dina,Google,DMU Item,769.6148,2080.04,United States, Ohio,1.0,1.0,3.0,1.6666666666666667,1310.4252000000001,Medium Profit
S00151,10/4/18,Donald Wayne,Amazon.com,ULS Item,3640.3153,9838.69,United States, Wisconsin,4.0,3.0,2.0,3.0,6198.3747,Large Profit
S00152,5/1/19,Donald Wayne,Solar and Wind Inc.,XTG Item,5990.4975,7987.33,United States, Illinois,5.0,2.0,5.0,4.0,1996.8324999999995,Medium Profit
S00153,10/27/18,Donald Wayne,The Economist,DNA Item,6349.5872,7215.44,United States, Indiana,3.0,2.0,4.0,3.0,865.8527999999997,Medium Profit
S00154,3/29/18,Donald Wayne,Google,UMR Item,5290.05,7053.4,United States, Iowa,3.0,3.0,5.0,3.6666666666666665,1763.3499999999995,Medium Profit
S00155,5/14/18,Donald Wayne,Yahoo,MXO Item,4029.0628,6828.92,United States, Michigan,3.029774127310062,5.0,4.0,4.0099247091033545,2799.8572,Large Profit
S00156,3/13/18,Donald Wayne,Whole Foods,ABB Item,3604.656,6553.92,United States, Minnesota,4.0,2.0,2.0,2.6666666666666665,2949.264,Large Profit
S00157,9/6/18,Donald Wayne,Peet's Coffee,HMK Item,4294.03,6314.75,United States, Illinois,2.0,1.0,1.0,1.3333333333333333,2020.7200000000003,Large Profit
S00158,8/9/18,Donald Wayne,Whole Foods,TLW Item,3580.6875,4774.25,United States, Indiana,5.0,3.0,5.0,4.333333333333333,1193.5625,Medium Profit
S00159,5/20/18,Donald Wayne,Amazon.com,MSL Item,2929.712,4308.4,United States, Iowa,4.0,4.0,4.0,4.0,1378.6879999999996,Medium Profit
S00160,9/6/18,Donald Wayne,Nature Company,SHW Item,3853.0602,4120.92,United States, Michigan,2.0,3.0,5.0,3.3333333333333335,267.8598000000002,Small Profit
S00161,8/6/17,Donald Wayne,Costco,UZM Item,1254.2889,3389.97,United States, Minnesota,1.0,2.0,3.0,2.0,2135.6811,Large Profit
S00162,2/4/19,Donald Wayne,Costco,YUO Item,1465.0916,2526.02,United States, Missouri,3.0,1.0,4.0,2.6666666666666665,1060.9284,Medium Profit
S00163,7/8/17,Donald Wayne,Sherman Williams,ERC Item,1676.6288,1905.26,United States, Ohio,2.0,4.0,5.0,3.6666666666666665,228.63120000000004,Small Profit
S00164,12/9/18,Hassan M,Costco,XYL Item,6619.086,9733.95,United States, Wisconsin,4.0,4.0,3.0,3.6666666666666665,3114.8640000000005,Large Profit
S00165,7/10/17,Hassan M,McLendon's Hardware,YOU Item,5100.5515,9273.73,United States, Illinois,5.0,1.0,5.0,3.6666666666666665,4173.1785,Large Profit
S00166,12/16/17,Hassan M,Amazon.com,LII Item,7221.7024,8206.48,United States, Indiana,4.0,5.0,5.0,4.666666666666667,984.7775999999994,Medium Profit
S00167,12/9/17,Hassan M,McLendon's Hardware,VQN Item,6029.985,8039.98,United States, Iowa,4.0,3.0,5.0,4.0,2009.995,Large Profit
S00168,6/8/19,Hassan M,Sherman Williams,GWD Item,4651.7016,7884.24,United States, Michigan,3.0,4.0,2.0,3.0,3232.5383999999995,Large Profit
S00169,9/6/17,Hassan M,Solar and Wind Inc.,XKP Item,5481.7664,6229.28,United States, Minnesota,2.0,1.0,1.0,1.3333333333333333,747.5135999999993,Medium Profit
S00170,5/9/19,Hassan M,Home Depot,BQD Item,4285.1775,5713.57,United States, Illinois,3.0,1.0,5.0,3.0,1428.3925,Medium Profit
S00171,11/28/17,Hassan M,Amazon.com,CIU Item,2143.98,4764.4,United States, Indiana,3.0,1.0,1.0,1.6666666666666667,2620.4199999999996,Large Profit
S00172,12/29/18,Hassan M,Amazon.com,WXR Item,2714.0059,4600.01,United States, Iowa,1.0,4.0,5.0,3.3333333333333335,1886.0041,Medium Profit
S00173,2/7/19,Hassan M,Home Depot,DPA Item,2895.18075,3096.45,United States, Michigan,2.0,3.0,3.0,2.6666666666666665,201.26924999999983,Small Profit
S00174,1/5/19,Michael G,Sherman Williams,YWG Item,5672.0122,9613.58,United States, Minnesota,5.0,5.0,1.0,3.6666666666666665,3941.5678,Large Profit
S00175,10/18/17,Michael G,The Economist,MZS Item,8929.9045,9550.7,United States, Missouri,3.0,3.0,3.0,3.0,620.7955000000002,Medium Profit
S00176,3/24/19,Michael G,Whole Foods,JGD Item,5628.87,8277.75,United States, Ohio,1.0,5.0,1.0,2.3333333333333335,2648.88,Large Profit
S00177,1/9/19,Michael G,Nature Company,VMA Item,7340.2923,7850.58,United States, Wisconsin,2.0,4.0,3.0,3.0,510.28769999999986,Medium Profit
S00178,12/16/17,Michael G,Yahoo,FZK Item,4145.5819,7026.41,United States, Illinois,2.0,5.0,1.0,2.6666666666666665,2880.8280999999997,Large Profit
S00179,7/15/17,Michael G,Yahoo,UXX Item,4614.5072,6786.04,United States, Indiana,1.0,4.0,5.0,3.3333333333333335,2171.5328,Large Profit
S00180,2/1/19,Michael G,Peet's Coffee,PED Item,4422.4548,6503.61,United States, Iowa,1.0,4.0,4.0,3.0,2081.1551999999992,Large Profit
S00181,5/8/19,Michael G,Costco,VGC Item,1834.0456,4956.88,United States, Michigan,5.0,1.0,1.0,2.3333333333333335,3122.8344,Large Profit
S00182,11/13/17,Michael G,ExcelIsVeryFun.com,BDN Item,3755.3824,4267.48,United States, Minnesota,1.0,3.0,5.0,3.0,512.0975999999996,Medium Profit
S00183,5/22/18,Michael G,Google,FEP Item,1444.0582,3902.86,United States, Illinois,2.0,1.0,5.0,2.6666666666666665,2458.8018,Large Profit
S00184,10/26/18,Michael G,Sherman Williams,IOP Item,1691.9725,2867.75,United States, Indiana,1.0,1.0,1.0,1.0,1175.7775,Medium Profit
S00185,2/7/19,Michael G,Office Depot,LVU Item,297.9351,805.23,United States, Iowa,5.0,1.0,4.0,3.3333333333333335,507.29490000000004,Medium Profit
S00186,7/5/18,Michael G,Home Depot,ZJD Item,700.90405,749.63,United States, Michigan,5.0,4.0,1.0,3.3333333333333335,48.72595000000001,Small Profit
S00187,2/4/19,Nikol M,Nature Company,BVN Item,4114.4077,9568.39,United States, Minnesota,5.0,5.0,2.0,4.0,5453.9823,Large Profit
S00188,6/18/18,Nikol M,Yahoo,MDV Item,4302.009,9560.02,United States, Missouri,5.0,1.0,3.0,3.0,5258.011,Large Profit
S00189,3/12/19,Nikol M,Google,DXU Item,3445.1292,9311.16,United States, Ohio,4.0,4.0,1.0,3.0,5866.0308,Large Profit
S00190,7/18/18,Nikol M,Yahoo,CVY Item,4445.8334,7665.23,United States, Wisconsin,5.0,5.0,4.0,4.666666666666667,3219.396599999999,Large Profit
S00191,4/14/19,Nikol M,Amazon.com,EPL Item,6221.9201,6654.46,United States, Illinois,2.0,1.0,2.0,1.6666666666666667,432.53989999999976,Small Profit
S00192,6/7/18,Nikol M,Amazon.com,RCC Item,2763.3285,6140.73,United States, Indiana,2.0,5.0,2.0,3.0,3377.4014999999995,Large Profit
S00193,6/27/18,Nikol M,ExcelIsVeryFun.com,LCU Item,3976.5968,4518.86,United States, Iowa,4.0,1.0,1.0,2.0,542.2631999999999,Medium Profit
S00194,4/27/18,Nikol M,Home Depot,ICQ Item,3027.87,4452.75,United States, Michigan,1.0,4.0,2.0,2.3333333333333335,1424.88,Medium Profit
S00195,5/29/18,Nikol M,Home Depot,BMC Item,3938.09845,4211.87,United States, Minnesota,1.0,3.0,2.0,2.0,273.77154999999993,Small Profit
S00196,6/24/18,Nikol M,ExcelIsVeryFun.com,XJT Item,3189.35045,3411.07,United States, Illinois,3.0,1.0,3.0,2.3333333333333335,221.71955000000025,Small Profit
S00197,4/12/19,Nikol M,Peet's Coffee,PDI Item,987.831,2195.18,United States, Indiana,5.0,4.0,4.0,4.333333333333333,1207.3489999999997,Medium Profit
S00198,7/22/17,Nikol M,Peet's Coffee,RAR Item,704.2708,1214.26,United States, Iowa,1.0,3.0,1.0,1.6666666666666667,509.9892,Medium Profit
S00199,9/30/18,Nikol M,ExcelIsVeryFun.com,BFX Item,472.3785,1049.73,United States, Michigan,1.0,3.0,3.0,2.3333333333333335,577.3515,Medium Profit
S00200,4/27/18,Nikol M,Google,OPN Item,73.7715,134.13,United States, Minnesota,1.0,2.0,3.0,2.0,60.35849999999999,Small Profit
S00201,2/28/19,Sarabeth L,McLendon's Hardware,NEN Item,8702.3376,9889.02,United States, Missouri,2.0,4.0,4.0,3.3333333333333335,1186.6823999999997,Medium Profit
S00202,1/21/18,Sarabeth L,Whole Foods,NSN Item,8615.6224,9790.48,United States, Ohio,2.0,3.0,5.0,3.3333333333333335,1174.8575999999994,Medium Profit
S00203,5/22/18,Sarabeth L,Amazon.com,GFK Item,6011.2204,8840.03,United States, Wisconsin,2.0,5.0,2.0,3.0,2828.8096000000005,Large Profit
S00204,3/10/18,Sarabeth L,Costco,OOD Item,6587.55,8783.4,United States, Illinois,3.0,1.0,1.0,1.6666666666666667,2195.8499999999995,Large Profit
S00205,9/23/18,Sarabeth L,Google,NWF Item,4440.5185,8073.67,United States, Indiana,1.0,5.0,4.0,3.3333333333333335,3633.1515,Large Profit
S00206,4/12/19,Sarabeth L,Whole Foods,EPK Item,5928.8175,7905.09,United States, Iowa,5.0,2.0,5.0,4.0,1976.2725,Medium Profit
S00207,8/18/17,Sarabeth L,Google,ZQU Item,4844.0752,7123.64,United States, Michigan,3.0,4.0,4.0,3.6666666666666665,2279.5648,Large Profit
S00208,12/16/18,Sarabeth L,Costco,QDR Item,3978.1852,6858.94,United States, Minnesota,3.0,4.0,2.0,3.0,2880.7547999999997,Large Profit
S00209,10/7/17,Sarabeth L,Nature Company,AMV Item,4574.7884,6727.63,United States, Illinois,5.0,5.0,5.0,5.0,2152.8415999999997,Large Profit
S00210,7/3/18,Sarabeth L,ExcelIsVeryFun.com,EPQ Item,1598.1743,4319.39,United States, Indiana,2.0,2.0,4.0,2.6666666666666665,2721.2157000000007,Large Profit
S00211,4/29/19,Sarabeth L,Whole Foods,VJO Item,2714.3696,3991.72,United States, Iowa,3.0,4.0,2.0,3.0,1277.3503999999998,Medium Profit
S00212,2/6/18,Sarabeth L,McLendon's Hardware,XTY Item,1615.6175,3757.25,United States, Michigan,5.0,2.0,4.0,3.6666666666666665,2141.6324999999997,Large Profit
S00213,1/2/18,Sarabeth L,Amazon.com,OJA Item,2437.664,3584.8,United States, Minnesota,2.0,2.0,4.0,2.6666666666666665,1147.136,Medium Profit
S00214,10/14/17,Sarabeth L,Peet's Coffee,ITT Item,2317.304,3407.8,United States, Missouri,3.0,1.0,5.0,3.0,1090.496,Medium Profit
S00215,6/6/19,Sarabeth L,Yahoo,BMF Item,1701.5423,2883.97,United States, Ohio,2.0,3.0,1.0,2.0,1182.4276999999997,Medium Profit
S00216,3/26/19,Sarabeth L,ExcelIsVeryFun.com,KRH Item,1404.5454,2421.63,United States, Wisconsin,2.0,2.0,4.0,2.6666666666666665,1017.0846000000001,Medium Profit
S00217,3/6/19,Sarabeth L,Office Depot,YHJ Item,925.9605,2057.69,United States, Illinois,1.0,2.0,5.0,2.6666666666666665,1131.7295,Medium Profit
S00218,3/5/18,Sarabeth L,Office Depot,QSQ Item,796.026,1447.32,United States, Indiana,2.0,2.0,5.0,3.0,651.294,Medium Profit
S00219,12/21/18,Sarabeth L,Home Depot,CPG Item,189.2735,511.55,United States, Iowa,1.0,1.0,4.0,2.0,322.2765,Small Profit
S00220,11/13/18,Sarabeth L,Solar and Wind Inc.,OSL Item,176.1866,303.77,United States, Michigan,2.0,1.0,3.0,2.0,127.58339999999998,Small Profit
S00221,6/18/18,Sarabeth L,Peet's Coffee,OVC Item,175.7964,297.96,United States, Minnesota,2.0,2.0,2.0,2.0,122.16359999999997,Small Profit
S00222,6/3/18,Shannon L,Solar and Wind Inc.,UOE Item,6306.4725,8408.63,United States, Illinois,3.0,1.0,5.0,3.0,2102.1574999999993,Large Profit
S00223,9/25/18,Shannon L,Whole Foods,VPL Item,5781.8175,7709.09,United States, Indiana,1.0,4.0,1.0,2.0,1927.2725,Medium Profit
S00224,3/7/18,Shannon L,Costco,VTQ Item,4069.879,7399.78,United States, Iowa,2.0,3.0,3.0,2.6666666666666665,3329.901,Large Profit
S00225,12/2/17,Shannon L,McLendon's Hardware,IUU Item,2965.0392,6895.44,United States, Michigan,5.0,2.0,5.0,4.0,3930.4007999999994,Large Profit
S00226,7/26/18,Shannon L,Solar and Wind Inc.,KNK Item,944.0472,1600.08,United States, Minnesota,2.0,3.0,1.0,2.0,656.0328,Medium Profit
S00227,5/18/18,Shannon L,Whole Foods,HSH Item,567.8816,607.36,United States, Missouri,2.0,4.0,2.0,2.6666666666666665,39.478399999999965,Small Profit
S00228,2/16/19,Shannon L,Office Depot,UXT Item,83.82,95.25,United States, Ohio,1.0,2.0,2.0,1.6666666666666667,11.430000000000007,Small Profit
S00229,7/12/18,Shuting,Yahoo,JUR Item,3653.8684,9875.32,United States, Wisconsin,3.0,4.0,2.0,3.0,6221.4516,Large Profit
S00230,5/18/19,Shuting,The Economist,PGQ Item,8649.28295,9250.57,United States, Illinois,2.0,3.0,5.0,3.3333333333333335,601.287049999999,Medium Profit
S00231,2/22/18,Shuting,Office Depot,BQW Item,7872.3216,8945.82,United States, Indiana,5.0,4.0,3.0,4.0,1073.4983999999995,Medium Profit
S00232,3/1/19,Shuting,Whole Foods,YNQ Item,3185.7074,8610.02,United States, Iowa,3.0,3.0,5.0,3.6666666666666665,5424.312600000001,Large Profit
S00233,1/4/18,Shuting,Home Depot,BKL Item,3442.1715,8005.05,United States, Michigan,1.0,2.0,5.0,2.6666666666666665,4562.878500000001,Large Profit
S00234,10/18/18,Shuting,Amazon.com,PDH Item,3776.4322,6511.09,United States, Minnesota,5.0,5.0,3.0,4.333333333333333,2734.6578,Large Profit
S00235,2/11/18,Shuting,Solar and Wind Inc.,HGT Item,3639.015,4852.02,United States, Illinois,1.0,3.0,4.0,2.6666666666666665,1213.0050000000006,Medium Profit
S00236,5/18/19,Shuting,Whole Foods,WBE Item,3489.6525,4652.87,United States, Indiana,4.0,1.0,3.0,2.6666666666666665,1163.2174999999997,Medium Profit
S00237,3/17/18,Shuting,Yahoo,WOW Item,1445.6381,3907.13,United States, Iowa,5.0,2.0,3.0,3.3333333333333335,2461.4919,Large Profit
S00238,4/4/19,Shuting,Sherman Williams,HRL Item,1961.4825,2615.31,United States, Michigan,2.0,3.0,3.0,2.6666666666666665,653.8274999999999,Medium Profit
S00239,2/1/18,Shuting,The Economist,FPK Item,1760.20295,1882.57,United States, Minnesota,5.0,1.0,4.0,3.3333333333333335,122.36704999999984,Small Profit
S00240,5/5/18,Shuting,Sherman Williams,PYI Item,742.9755,1727.85,United States, Missouri,1.0,1.0,2.0,1.3333333333333333,984.8744999999999,Medium Profit
S00241,2/20/19,Shuting,ExcelIsVeryFun.com,IWG Item,1201.3275,1601.77,United States, Ohio,5.0,3.0,5.0,4.333333333333333,400.4424999999999,Small Profit
S00242,10/13/17,Shuting,Whole Foods,OHC Item,1108.80715,1185.89,United States, Wisconsin,5.0,2.0,1.0,2.6666666666666665,77.08285000000001,Small Profit
S00243,4/3/19,Suzanne M,Costco,SLL Item,8792.4672,9991.44,United States, Illinois,3.0,3.0,1.0,2.3333333333333335,1198.9728000000014,Medium Profit
S00244,7/25/17,Suzanne M,Yahoo,CVQ Item,7400.6775,9867.57,United States, Indiana,4.0,2.0,1.0,2.3333333333333335,2466.8925,Large Profit
S00245,2/6/19,Suzanne M,Sherman Williams,TEY Item,4349.0475,9664.55,United States, Iowa,1.0,2.0,5.0,2.6666666666666665,5315.5025,Large Profit
S00246,7/30/17,Suzanne M,Nature Company,IRA Item,6831.51205,7306.43,United States, Michigan,3.0,2.0,1.0,2.0,474.91795,Small Profit
S00247,4/4/18,Suzanne M,Google,QZW Item,5896.5016,6700.57,United States, Minnesota,1.0,2.0,1.0,1.3333333333333333,804.0684000000001,Medium Profit
S00248,11/29/17,Suzanne M,Home Depot,EEE Item,2682.0261,6237.27,United States, Illinois,5.0,3.0,2.0,3.3333333333333335,3555.2439000000004,Large Profit
S00249,6/11/18,Suzanne M,McLendon's Hardware,UBQ Item,2170.674,4823.72,United States, Indiana,5.0,5.0,3.0,4.333333333333333,2653.0460000000003,Large Profit
S00250,1/27/18,Suzanne M,Costco,ARS Item,3576.3728,4064.06,United States, Iowa,5.0,4.0,3.0,4.0,487.68719999999985,Small Profit
S00251,8/16/18,Suzanne M,McLendon's Hardware,DXS Item,1983.9016,3420.52,United States, Michigan,5.0,2.0,1.0,2.6666666666666665,1436.6184,Medium Profit
S00252,2/19/18,Suzanne M,Costco,QKE Item,2891.0552,3285.29,United States, Minnesota,3.0,5.0,2.0,3.3333333333333335,394.2348000000002,Small Profit
S00253,12/29/17,Suzanne M,Peet's Coffee,ZCO Item,2767.9344,3145.38,United States, Missouri,4.0,3.0,2.0,3.0,377.4456,Small Profit
S00254,12/28/18,Suzanne M,The Economist,DTW Item,1774.5371,3007.69,United States, Ohio,4.0,1.0,2.0,2.3333333333333335,1233.1529,Medium Profit
S00255,3/1/19,Suzanne M,Amazon.com,BQS Item,1049.8713,2837.49,United States, Wisconsin,2.0,2.0,3.0,2.3333333333333335,1787.6186999999998,Medium Profit
S00256,1/24/19,Suzanne M,Solar and Wind Inc.,BYD Item,1149.089,2672.3,United States, Illinois,1.0,2.0,2.0,1.6666666666666667,1523.2110000000002,Medium Profit
S00257,8/13/17,Suzanne M,Solar and Wind Inc.,HMO Item,1054.7642,2452.94,United States, Indiana,5.0,3.0,2.0,3.3333333333333335,1398.1758,Medium Profit
S00258,1/12/18,Toni M,Solar and Wind Inc.,UDH Item,6619.97,9735.25,United States, Iowa,5.0,2.0,5.0,4.0,3115.2799999999997,Large Profit
S00259,12/27/17,Toni M,Solar and Wind Inc.,ZFB Item,3396.2485,9179.05,United States, Michigan,3.0,2.0,1.0,2.0,5782.8015,Large Profit
S00260,9/7/17,Toni M,Office Depot,CVM Item,7884.26595,8432.37,United States, Minnesota,1.0,4.0,3.0,2.6666666666666665,548.1040500000008,Medium Profit
S00261,11/2/18,Toni M,McLendon's Hardware,NIV Item,5180.138,7617.85,United States, Illinois,2.0,3.0,3.0,2.6666666666666665,2437.7120000000004,Large Profit
S00262,1/9/18,Toni M,Amazon.com,WHT Item,5832.7016,6628.07,United States, Indiana,3.0,1.0,5.0,3.0,795.3683999999994,Medium Profit
S00263,7/8/17,Toni M,Nature Company,XKR Item,3708.54,4944.72,United States, Iowa,3.0,1.0,4.0,2.6666666666666665,1236.1800000000003,Medium Profit
S00264,11/6/18,Toni M,Amazon.com,DWD Item,3078.666,4527.45,United States, Michigan,2.0,3.0,2.0,2.3333333333333335,1448.7839999999997,Medium Profit
S00265,8/29/17,Toni M,Solar and Wind Inc.,YFB Item,1775.8355,4129.85,United States, Minnesota,2.0,1.0,5.0,2.6666666666666665,2354.0145,Large Profit
S00266,3/2/19,Toni M,ExcelIsVeryFun.com,HUA Item,1850.7735,4112.83,United States, Missouri,1.0,5.0,3.0,3.0,2262.0564999999997,Large Profit
S00267,9/23/17,Toni M,Yahoo,BVV Item,1657.1992,2857.24,United States, Ohio,2.0,2.0,3.0,2.3333333333333335,1200.0407999999998,Medium Profit
S00268,3/13/18,Toni M,Peet's Coffee,QRF Item,1126.1528,2618.96,United States, Wisconsin,2.0,2.0,3.0,2.3333333333333335,1492.8072,Medium Profit
S00269,3/23/18,Toni M,Costco,MKA Item,944.4102,2552.46,United States, Illinois,1.0,4.0,2.0,2.3333333333333335,1608.0498,Medium Profit
S00270,1/22/18,Toni M,Solar and Wind Inc.,DAJ Item,2132.93135,2281.21,United States, Indiana,3.0,4.0,3.0,3.3333333333333335,148.2786500000002,Small Profit
S00271,5/30/18,Toni M,Amazon.com,FAX Item,1004.5194,1731.93,United States, Iowa,3.0,5.0,3.0,3.6666666666666665,727.4106,Medium Profit
S00272,2/24/18,Toni M,Amazon.com,KMR Item,655.1875,1191.25,United States, Michigan,5.0,5.0,5.0,5.0,536.0625,Medium Profit
S00273,10/9/18,Toni M,Amazon.com,JQC Item,373.665,498.22,United States, Minnesota,2.0,3.0,4.0,3.0,124.555,Small Profit
S00274,1/13/18,Tonya J,The Economist,KHM Item,5046.5827,8553.53,United States, Illinois,3.0,5.0,2.0,3.3333333333333335,3506.9473000000007,Large Profit
S00275,1/18/19,Tonya J,Nature Company,JQL Item,3651.7105,8492.35,United States, Indiana,1.0,3.0,1.0,1.6666666666666667,4840.6395,Large Profit
S00276,5/21/18,Tonya J,Amazon.com,SMI Item,4149.3485,7544.27,United States, Iowa,5.0,4.0,4.0,4.333333333333333,3394.9215000000004,Large Profit
S00277,2/10/19,Tonya J,McLendon's Hardware,IUD Item,3235.2345,7189.41,United States, Michigan,3.0,3.0,5.0,3.6666666666666665,3954.1755,Large Profit
S00278,11/1/18,Tonya J,Office Depot,KAI Item,4805.8864,7067.48,United States, Minnesota,1.0,3.0,2.0,2.0,2261.5935999999992,Large Profit
S00279,6/24/17,Tonya J,Home Depot,ULM Item,6180.37805,6610.03,United States, Missouri,5.0,4.0,1.0,3.3333333333333335,429.6519499999995,Small Profit
S00280,12/21/17,Tonya J,Whole Foods,EXU Item,2432.7352,6574.96,United States, Ohio,1.0,2.0,3.0,2.0,4142.2248,Large Profit
S00281,8/22/18,Tonya J,Home Depot,GPH Item,4442.3175,5923.09,United States, Wisconsin,3.0,2.0,4.0,3.0,1480.7725,Medium Profit
S00282,3/5/18,Tonya J,Costco,HMD Item,3412.3836,5883.42,United States, Illinois,1.0,5.0,4.0,3.3333333333333335,2471.0364,Large Profit
S00283,4/16/19,Tonya J,Nature Company,XCF Item,2521.9543,5865.01,United States, Indiana,3.0,3.0,1.0,2.3333333333333335,3343.0557000000003,Large Profit
S00284,1/9/19,Tonya J,Google,PNA Item,2070.557,5596.1,United States, Iowa,3.0,2.0,3.0,2.6666666666666665,3525.5430000000006,Large Profit
S00285,4/29/19,Tonya J,Solar and Wind Inc.,SUD Item,3196.6178,5511.41,United States, Michigan,5.0,2.0,1.0,2.6666666666666665,2314.7922,Large Profit
S00286,6/7/18,Tonya J,McLendon's Hardware,VRL Item,3612.194,5312.05,United States, Minnesota,4.0,4.0,2.0,3.3333333333333335,1699.8560000000002,Medium Profit
S00287,3/25/19,Tonya J,The Economist,AVS Item,4543.4642,4859.32,United States, Illinois,1.0,5.0,4.0,3.3333333333333335,315.85579999999936,Small Profit
S00288,11/7/17,Tonya J,Yahoo,OMP Item,2972.2392,4370.94,United States, Indiana,2.0,3.0,4.0,3.0,1398.7007999999996,Medium Profit
S00289,11/17/17,Tonya J,Home Depot,HBN Item,3404.2008,3868.41,United States, Iowa,4.0,5.0,1.0,3.3333333333333335,464.2091999999998,Small Profit
S00290,1/19/19,Tonya J,Peet's Coffee,MWR Item,1247.7436,3372.28,United States, Michigan,5.0,2.0,5.0,4.0,2124.5364,Large Profit
S00291,12/29/18,Tonya J,McLendon's Hardware,EBS Item,1901.445,2535.26,United States, Minnesota,5.0,1.0,5.0,3.6666666666666665,633.8150000000003,Medium Profit
S00292,12/5/17,Tonya J,Nature Company,YEK Item,505.125,673.5,United States, Missouri,1.0,5.0,2.0,2.6666666666666665,168.375,Small Profit
S00293,10/2/18,Tonya J,ExcelIsVeryFun.com,NBK Item,167.9623,390.61,United States, Ohio,3.0,4.0,2.0,3.0,222.64770000000001,Small Profit
S00294,7/13/18,Vivien R,Peet's Coffee,KZK Item,6877.98,9170.64,United States, Wisconsin,3.0,2.0,1.0,2.0,2292.66,Large Profit
S00295,10/31/17,Vivien R,Peet's Coffee,FPU Item,7841.6448,8910.96,United States, Illinois,5.0,1.0,2.0,2.6666666666666665,1069.315199999999,Medium Profit
S00296,5/6/19,Vivien R,McLendon's Hardware,WAJ Item,3172.0618,8573.14,United States, Indiana,5.0,3.0,4.0,4.0,5401.0782,Large Profit
S00297,9/4/17,Vivien R,Yahoo,IAG Item,5988.93,7985.24,United States, Iowa,5.0,3.0,4.0,4.0,1996.3099999999995,Medium Profit
S00298,8/28/18,Vivien R,The Economist,WEW Item,5349.4444,7866.83,United States, Michigan,1.0,4.0,4.0,3.0,2517.3855999999996,Large Profit
S00299,8/17/17,Vivien R,Home Depot,YHI Item,3418.536,6215.52,United States, Minnesota,4.0,1.0,3.0,2.6666666666666665,2796.9840000000004,Large Profit
S00300,7/27/18,Vivien R,Solar and Wind Inc.,GLY Item,5352.9696,6082.92,United States, Illinois,2.0,1.0,4.0,2.3333333333333335,729.9503999999997,Medium Profit
S00301,10/5/17,Vivien R,The Economist,JPT Item,2580.172,6000.4,United States, Indiana,5.0,3.0,1.0,3.0,3420.2279999999996,Large Profit
S00302,12/17/17,Vivien R,Yahoo,WIP Item,3075.82,5592.4,United States, Iowa,5.0,1.0,4.0,3.3333333333333335,2516.5799999999995,Large Profit
S00303,4/4/18,Vivien R,The Economist,EYG Item,3918.3584,4452.68,United States, Michigan,4.0,3.0,3.0,3.3333333333333335,534.3216000000002,Medium Profit
S00304,12/19/18,Vivien R,Home Depot,JRS Item,2986.3084,4391.63,United States, Minnesota,5.0,5.0,1.0,3.6666666666666665,1405.3216000000002,Medium Profit
S00305,8/9/18,Vivien R,Solar and Wind Inc.,JFK Item,1327.1234,3586.82,United States, Missouri,3.0,4.0,1.0,2.6666666666666665,2259.6966,Large Profit
S00306,3/1/18,Vivien R,Home Depot,DEW Item,1363.1416,2004.62,United States, Ohio,3.0,1.0,3.0,2.3333333333333335,641.4784,Medium Profit
S00307,5/30/19,Vivien R,Sherman Williams,BFS Item,1138.0952,1293.29,United States, Wisconsin,1.0,5.0,4.0,3.3333333333333335,155.1948,Small Profit
S00308,5/17/19,Vivien R,ExcelIsVeryFun.com,UBW Item,436.8627,1180.71,United States, Illinois,5.0,2.0,3.0,3.3333333333333335,743.8473,Medium Profit
S00309,8/28/18,Vivien R,Yahoo,WFJ Item,489.078,1086.84,United States, Indiana,5.0,3.0,1.0,3.0,597.762,Medium Profit
S00310,7/23/17,Vivien R,Nature Company,SAG Item,829.3296,942.42,United States, Iowa,4.0,5.0,5.0,4.666666666666667,113.09039999999993,Small Profit
S00311,6/28/17,Vivien R,Yahoo,VGE Item,844.6229,903.34,United States, Michigan,2.0,4.0,1.0,2.3333333333333335,58.71710000000007,Small Profit
S00312,1/17/19,Vivien R,Yahoo,NNJ Item,746.9715,798.9,United States, Minnesota,2.0,1.0,5.0,2.6666666666666665,51.928499999999985,Small Profit
S00313,6/7/19,Vivien R,Peet's Coffee,UJZ Item,304.81,326.0,United States, Illinois,5.0,4.0,5.0,4.666666666666667,21.189999999999998,Small Profit
S00314,11/9/18,Vivien R,ExcelIsVeryFun.com,WXM Item,126.852,144.15,United States, Indiana,2.0,1.0,3.0,2.0,17.298000000000002,Small Profit
S00315,12/31/17,Abdisamad A,ExcelIsVeryFun.com,YAE Item,8667.1728,9849.06,United States,Kansas,1.0,5.0,3.0,3.0,1181.8871999999992,Medium Profit
S00316,6/17/18,Abdisamad A,Peet's Coffee,YOY Item,6311.318,9281.35,United States,Nebraska,3.0,3.0,3.0,3.0,2970.032,Large Profit
S00317,5/1/19,Abdisamad A,Solar and Wind Inc.,KJJ Item,6605.4975,8807.33,United States,NorthDakota,4.0,2.0,5.0,3.6666666666666665,2201.8324999999995,Large Profit
S00318,12/31/18,Abdisamad A,Costco,WKS Item,4764.705,8663.1,United States,SouthDakota,5.0,1.0,3.0,3.0,3898.3950000000004,Large Profit
S00319,10/20/17,Abdisamad A,Yahoo,XKA Item,5499.7788,8087.91,United States,Kansas,5.0,5.0,1.0,3.6666666666666665,2588.1312,Large Profit
S00320,9/2/18,Abdisamad A,ExcelIsVeryFun.com,WOP Item,4413.156,8023.92,United States,Nebraska,2.0,4.0,3.0,3.0,3610.764,Large Profit
S00321,5/3/19,Abdisamad A,ExcelIsVeryFun.com,GTC Item,4468.6187,7573.93,United States,NorthDakota,2.0,2.0,2.0,2.0,3105.3113000000003,Large Profit
S00322,11/15/18,Abdisamad A,Nature Company,ILH Item,4854.3364,7138.73,United States,SouthDakota,3.0,5.0,5.0,4.333333333333333,2284.3935999999994,Large Profit
S00323,1/20/18,Abdisamad A,Nature Company,ZZU Item,5085.3075,6780.41,United States,Kansas,5.0,4.0,2.0,3.6666666666666665,1695.1025,Medium Profit
S00324,4/9/18,Abdisamad A,ExcelIsVeryFun.com,WWR Item,4048.584,5953.8,United States,Nebraska,4.0,5.0,3.0,4.0,1905.2160000000003,Medium Profit
S00325,11/8/18,Abdisamad A,The Economist,INO Item,3336.155,5654.5,United States,NorthDakota,3.0,4.0,1.0,2.6666666666666665,2318.345,Large Profit
S00326,5/19/18,Abdisamad A,Costco,VQG Item,5267.87415,5634.09,United States,SouthDakota,2.0,1.0,2.0,1.6666666666666667,366.2158500000005,Small Profit
S00327,5/10/19,Abdisamad A,Amazon.com,NDS Item,2236.3419,3790.41,United States,Kansas,5.0,1.0,2.0,2.6666666666666665,1554.0681,Medium Profit
S00328,11/20/18,Abdisamad A,Home Depot,FEK Item,1531.2128,3560.96,United States,Nebraska,2.0,5.0,3.0,3.3333333333333335,2029.7472,Large Profit
S00329,3/1/19,Abdisamad A,The Economist,IME Item,1843.842,3352.44,United States,NorthDakota,2.0,2.0,3.0,2.3333333333333335,1508.598,Medium Profit
S00330,8/1/17,Abdisamad A,Costco,AXW Item,2934.8968,3335.11,United States,SouthDakota,1.0,3.0,3.0,2.3333333333333335,400.21320000000014,Small Profit
S00331,4/25/18,Analyssa C,Nature Company,EWC Item,8208.3408,9327.66,United States,Kansas,3.0,1.0,2.0,2.0,1119.3192,Medium Profit
S00332,9/14/18,Analyssa C,McLendon's Hardware,VVT Item,3607.241,6558.62,United States,Nebraska,4.0,3.0,4.0,3.6666666666666665,2951.379,Large Profit
S00333,4/14/18,Analyssa C,ExcelIsVeryFun.com,FDS Item,2823.147,6273.66,United States,NorthDakota,5.0,3.0,5.0,4.333333333333333,3450.513,Large Profit
S00334,8/25/18,Analyssa C,ExcelIsVeryFun.com,WJP Item,2596.2075,5769.35,United States,SouthDakota,3.0,4.0,3.0,3.3333333333333335,3173.1425000000004,Large Profit
S00335,3/27/19,Analyssa C,Amazon.com,WOD Item,3377.2603,5724.17,United States,Kansas,1.0,4.0,3.0,2.6666666666666665,2346.9097,Large Profit
S00336,5/27/18,Analyssa C,Nature Company,OGH Item,2116.3998,4921.86,United States,Nebraska,5.0,1.0,4.0,3.3333333333333335,2805.4601999999995,Large Profit
S00337,4/3/18,Analyssa C,Costco,WJT Item,732.1893,1978.89,United States,NorthDakota,4.0,4.0,2.0,3.3333333333333335,1246.7007,Medium Profit
S00338,6/24/17,Analyssa C,Home Depot,ZTU Item,1712.0752,1945.54,United States,SouthDakota,3.0,2.0,5.0,3.3333333333333335,233.46479999999997,Small Profit
S00339,3/15/18,Analyssa C,Sherman Williams,QDF Item,1115.884,1268.05,United States,Kansas,2.0,5.0,3.0,3.3333333333333335,152.16599999999994,Small Profit
S00340,12/11/17,Anastasiya A,Home Depot,LFD Item,3413.6274,9226.02,United States,Nebraska,1.0,2.0,1.0,1.3333333333333333,5812.392600000001,Large Profit
S00341,2/6/18,Anastasiya A,McLendon's Hardware,HJZ Item,5322.3736,7827.02,United States,NorthDakota,5.0,4.0,2.0,3.6666666666666665,2504.6464000000005,Large Profit
S00342,8/23/17,Anastasiya A,Yahoo,IQK Item,3304.6065,7343.57,United States,SouthDakota,2.0,2.0,1.0,1.6666666666666667,4038.9635,Large Profit
S00343,11/5/18,Anastasiya A,The Economist,XIM Item,2510.1938,5837.66,United States,Kansas,1.0,5.0,2.0,2.6666666666666665,3327.4662,Large Profit
S00344,11/23/17,Anastasiya A,Sherman Williams,KGM Item,4699.112,5339.9,United States,Nebraska,4.0,1.0,5.0,3.3333333333333335,640.7879999999996,Medium Profit
S00345,12/31/18,Anastasiya A,Costco,TTK Item,2963.6762,5023.18,United States,NorthDakota,4.0,3.0,1.0,2.6666666666666665,2059.5038000000004,Large Profit
S00346,9/30/17,Anastasiya A,Google,RIX Item,2896.0212,4993.14,United States,SouthDakota,4.0,3.0,5.0,4.0,2097.1188,Large Profit
S00347,2/8/18,Anastasiya A,Amazon.com,QDO Item,3726.3072,4234.44,United States,Kansas,4.0,5.0,4.0,4.333333333333333,508.1327999999994,Medium Profit
S00348,11/26/17,Anastasiya A,ExcelIsVeryFun.com,MFB Item,3238.56885,3463.71,United States,Nebraska,5.0,5.0,1.0,3.6666666666666665,225.14114999999993,Small Profit
S00349,8/23/17,Anastasiya A,Yahoo,VNQ Item,969.232,1762.24,United States,NorthDakota,3.0,5.0,4.0,4.0,793.008,Medium Profit
S00350,6/23/17,Anastasiya A,Solar and Wind Inc.,ZBQ Item,1197.63215,1280.89,United States,SouthDakota,2.0,2.0,1.0,1.6666666666666667,83.25785000000019,Small Profit
S00351,12/20/18,Anastasiya A,Sherman Williams,WGF Item,608.6636,1049.42,United States,Kansas,5.0,3.0,5.0,4.333333333333333,440.7564000000001,Small Profit
S00352,8/24/18,Anastasiya A,Whole Foods,KVV Item,531.6512,916.64,United States,Nebraska,1.0,2.0,1.0,1.3333333333333333,384.98879999999997,Small Profit
S00353,3/8/18,Anastasiya A,Home Depot,BHM Item,62.325,83.1,United States,NorthDakota,4.0,4.0,4.0,4.0,20.77499999999999,Small Profit
S00354,4/10/19,Barbara C,ExcelIsVeryFun.com,ZXT Item,8220.2648,9341.21,United States,SouthDakota,5.0,5.0,4.0,4.666666666666667,1120.9451999999983,Medium Profit
S00355,10/30/17,Barbara C,Whole Foods,UFK Item,4304.003,7825.46,United States,Kansas,1.0,4.0,1.0,2.0,3521.4570000000003,Large Profit
S00356,6/11/18,Barbara C,Nature Company,UHK Item,3079.0035,6842.23,United States,Nebraska,1.0,5.0,1.0,2.3333333333333335,3763.2264999999998,Large Profit
S00357,4/5/18,Barbara C,Amazon.com,VCV Item,4593.6924,6755.43,United States,NorthDakota,4.0,2.0,3.0,3.0,2161.7376000000004,Large Profit
S00358,11/20/18,Barbara C,Amazon.com,EUZ Item,6202.6778,6633.88,United States,SouthDakota,3.0,1.0,3.0,2.3333333333333335,431.2021999999997,Small Profit
S00359,1/7/18,Barbara C,Solar and Wind Inc.,JEC Item,3894.4307,6600.73,United States,Kansas,4.0,1.0,5.0,3.3333333333333335,2706.2992999999997,Large Profit
S00360,10/4/17,Barbara C,Office Depot,VLI Item,4398.0632,6467.74,United States,Nebraska,1.0,2.0,2.0,1.6666666666666667,2069.6768,Large Profit
S00361,2/25/18,Barbara C,Home Depot,SXM Item,3112.8675,4150.49,United States,NorthDakota,4.0,4.0,2.0,3.3333333333333335,1037.6225,Medium Profit
S00362,4/28/19,Barbara C,Home Depot,ZWZ Item,3290.584,3739.3,United States,SouthDakota,5.0,5.0,2.0,4.0,448.71600000000035,Small Profit
S00363,7/10/17,Barbara C,Yahoo,RCA Item,1904.6734,3228.26,United States,Kansas,4.0,5.0,4.0,4.333333333333333,1323.5866000000003,Medium Profit
S00364,1/26/19,Barbara C,Whole Foods,MFN Item,1404.801,3121.78,United States,Nebraska,3.0,3.0,4.0,3.3333333333333335,1716.9790000000003,Medium Profit
S00365,10/15/18,Barbara C,Amazon.com,UON Item,926.091,2057.98,United States,NorthDakota,4.0,1.0,3.0,2.6666666666666665,1131.8890000000001,Medium Profit
S00366,9/20/18,Barbara C,Peet's Coffee,FBX Item,1458.1886,1559.56,United States,SouthDakota,5.0,1.0,1.0,2.3333333333333335,101.3714,Small Profit
S00367,1/26/18,Barbara C,Nature Company,YIV Item,916.59,1222.12,United States,Kansas,5.0,4.0,1.0,3.3333333333333335,305.52999999999986,Small Profit
S00368,5/29/19,Barbara C,McLendon's Hardware,YPW Item,295.7856,336.12,United States,Nebraska,5.0,3.0,5.0,4.333333333333333,40.33440000000002,Small Profit
S00369,12/27/18,Catherine W,Costco,KCF Item,6101.096,8972.2,United States,NorthDakota,1.0,4.0,5.0,3.3333333333333335,2871.104000000001,Large Profit
S00370,1/26/19,Catherine W,McLendon's Hardware,DNN Item,6053.595,8071.46,United States,SouthDakota,5.0,2.0,2.0,3.0,2017.8649999999998,Large Profit
S00371,5/25/19,Catherine W,McLendon's Hardware,IVZ Item,2580.639,6974.7,United States,Kansas,3.0,4.0,3.0,3.3333333333333335,4394.061,Large Profit
S00372,1/16/18,Catherine W,Office Depot,NLD Item,3468.344,6306.08,United States,Nebraska,2.0,1.0,3.0,2.0,2837.736,Large Profit
S00373,7/28/18,Catherine W,Whole Foods,YCO Item,2875.125,5227.5,United States,NorthDakota,5.0,1.0,4.0,3.3333333333333335,2352.375,Large Profit
S00374,3/7/19,Catherine W,ExcelIsVeryFun.com,FMP Item,2672.1805,4858.51,United States,SouthDakota,3.0,3.0,1.0,2.3333333333333335,2186.3295000000003,Large Profit
S00375,9/21/17,Catherine W,ExcelIsVeryFun.com,ECP Item,2008.801,3463.45,United States,Kansas,3.0,4.0,3.0,3.3333333333333335,1454.649,Medium Profit
S00376,12/21/17,Catherine W,The Economist,WSA Item,1749.0671,1870.66,United States,Nebraska,1.0,2.0,5.0,2.6666666666666665,121.5929000000001,Small Profit
S00377,1/22/18,Catherine W,Amazon.com,BKQ Item,521.2486,1408.78,United States,NorthDakota,5.0,1.0,4.0,3.3333333333333335,887.5314,Medium Profit
S00378,7/25/17,Catherine W,Amazon.com,XZQ Item,307.4475,409.93,United States,SouthDakota,4.0,4.0,1.0,3.0,102.48250000000002,Small Profit
S00379,12/7/18,Cherry M,Yahoo,UAL Item,5858.1041,9928.99,United States,Kansas,3.0,3.0,5.0,3.6666666666666665,4070.8859,Large Profit
S00380,11/4/17,Cherry M,Whole Foods,VBF Item,5753.4898,9919.81,United States,Nebraska,1.0,2.0,3.0,2.0,4166.320199999999,Large Profit
S00381,7/10/17,Cherry M,Home Depot,EUL Item,4456.278,9902.84,United States,NorthDakota,4.0,4.0,1.0,3.0,5446.562,Large Profit
S00382,9/6/18,Cherry M,Office Depot,LXP Item,3619.6656,9782.88,United States,SouthDakota,2.0,5.0,3.0,3.3333333333333335,6163.214399999999,Large Profit
S00383,12/17/18,Cherry M,Whole Foods,UOA Item,8077.53045,8639.07,United States,Kansas,2.0,5.0,4.0,3.6666666666666665,561.5395499999995,Medium Profit
S00384,9/7/17,Cherry M,Yahoo,YLH Item,3498.1876,8135.32,United States,Nebraska,2.0,3.0,5.0,3.3333333333333335,4637.1323999999995,Large Profit
S00385,7/2/17,Cherry M,Home Depot,KIC Item,4467.4575,8122.65,United States,NorthDakota,1.0,4.0,4.0,3.0,3655.192499999999,Large Profit
S00386,11/24/18,Cherry M,Yahoo,HKX Item,3269.8447,7604.29,United States,SouthDakota,4.0,2.0,1.0,2.3333333333333335,4334.445299999999,Large Profit
S00387,10/9/17,Cherry M,Sherman Williams,BVR Item,3347.667,7439.26,United States,Kansas,5.0,5.0,2.0,4.0,4091.5930000000003,Large Profit
S00388,10/20/17,Cherry M,Costco,AUC Item,6214.076,7061.45,United States,Nebraska,1.0,5.0,2.0,2.6666666666666665,847.3739999999998,Medium Profit
S00389,5/15/19,Cherry M,Office Depot,YUT Item,3605.041,6554.62,United States,NorthDakota,2.0,1.0,3.0,2.0,2949.5789999999997,Large Profit
S00390,3/12/19,Cherry M,Nature Company,SNA Item,4265.7032,4847.39,United States,SouthDakota,4.0,4.0,3.0,3.6666666666666665,581.6868000000004,Medium Profit
S00391,9/6/17,Cherry M,McLendon's Hardware,NXM Item,2808.3587,4759.93,United States,Kansas,4.0,2.0,3.0,3.0,1951.5713,Medium Profit
S00392,9/25/18,Cherry M,Sherman Williams,TAC Item,3753.7632,4265.64,United States,Nebraska,4.0,2.0,1.0,2.3333333333333335,511.87680000000046,Medium Profit
S00393,10/12/17,Cherry M,Costco,GOC Item,2274.3018,3921.21,United States,NorthDakota,5.0,4.0,5.0,4.666666666666667,1646.9081999999999,Medium Profit
S00394,11/23/18,Cherry M,ExcelIsVeryFun.com,KNN Item,1103.6693,2982.89,United States,SouthDakota,5.0,3.0,3.0,3.6666666666666665,1879.2206999999999,Medium Profit
S00395,1/8/19,Cherry M,Home Depot,XSR Item,1194.3855,2654.19,United States,Kansas,3.0,1.0,2.0,2.0,1459.8045,Medium Profit
S00396,12/26/18,Cherry M,Costco,XZK Item,1063.7899,2473.93,United States,Nebraska,4.0,2.0,4.0,3.3333333333333335,1410.1400999999998,Medium Profit
S00397,8/9/17,Cherry M,Office Depot,ZEB Item,1950.7224,2216.73,United States,NorthDakota,1.0,1.0,3.0,1.6666666666666667,266.0075999999999,Small Profit
S00398,6/23/17,Cherry M,Costco,TBS Item,776.831,1412.42,United States,SouthDakota,2.0,5.0,3.0,3.3333333333333335,635.589,Medium Profit
S00399,9/20/17,Cherry M,Peet's Coffee,AHW Item,939.3316,1381.37,United States,Kansas,2.0,1.0,5.0,2.6666666666666665,442.0383999999999,Small Profit
S00400,3/5/19,Cherry M,Amazon.com,TKB Item,755.2985,1373.27,United States,Nebraska,5.0,4.0,4.0,4.333333333333333,617.9715,Medium Profit
S00401,8/24/18,Cherry M,Costco,LMK Item,923.912,1049.9,United States,NorthDakota,3.0,3.0,5.0,3.6666666666666665,125.98800000000006,Small Profit
S00402,2/28/19,Cherry M,Google,TVY Item,213.4219,496.33,United States,SouthDakota,1.0,1.0,1.0,1.0,282.9081,Small Profit
S00403,7/23/17,Dan,The Economist,ANU Item,4591.3902,7916.19,United States,Kansas,4.0,3.0,4.0,3.6666666666666665,3324.7998,Large Profit
S00404,10/17/18,Dan,Whole Foods,GRM Item,5729.6325,7639.51,United States,Nebraska,5.0,1.0,3.0,3.0,1909.8775000000005,Medium Profit
S00405,4/25/18,Dan,Whole Foods,SRN Item,4662.3044,6856.33,United States,NorthDakota,1.0,1.0,4.0,2.0,2194.0256,Large Profit
S00406,9/14/18,Dan,Nature Company,YCJ Item,4949.8725,6599.83,United States,SouthDakota,2.0,4.0,1.0,2.3333333333333335,1649.9574999999995,Medium Profit
S00407,7/20/18,Dan,Solar and Wind Inc.,ELV Item,2051.0527,4769.89,United States,Kansas,1.0,2.0,5.0,2.6666666666666665,2718.8373,Large Profit
S00408,10/12/17,Dan,ExcelIsVeryFun.com,CHE Item,3837.6514,4104.44,United States,Nebraska,4.0,3.0,3.0,3.3333333333333335,266.7885999999994,Small Profit
S00409,4/18/19,Dan,McLendon's Hardware,ASO Item,3239.99005,3465.23,United States,NorthDakota,5.0,2.0,2.0,3.0,225.23995000000014,Small Profit
S00410,6/4/18,Dan,Home Depot,KYJ Item,1895.993,3447.26,United States,SouthDakota,5.0,2.0,2.0,3.0,1551.2670000000003,Medium Profit
S00411,12/27/17,Dan,Peet's Coffee,JLP Item,1918.9986,3252.54,United States,Kansas,1.0,1.0,4.0,2.0,1333.5414,Medium Profit
S00412,1/15/18,Dan,Whole Foods,SXF Item,2303.82,3071.76,United States,Nebraska,5.0,4.0,1.0,3.3333333333333335,767.94,Medium Profit
S00413,4/9/19,Dan,The Economist,QAG Item,1126.708,2048.56,United States,NorthDakota,4.0,2.0,3.0,3.0,921.8519999999999,Medium Profit
S00414,5/8/18,Dan,Office Depot,STV Item,814.518,1810.04,United States,SouthDakota,3.0,3.0,1.0,2.3333333333333335,995.5219999999999,Medium Profit
S00415,11/3/18,Dan,Sherman Williams,RZX Item,785.95,1429.0,United States,Kansas,2.0,1.0,4.0,2.3333333333333335,643.05,Medium Profit
S00416,8/10/17,Dan,Costco,NFU Item,234.0888,266.01,United States,Nebraska,5.0,4.0,5.0,4.666666666666667,31.9212,Small Profit
S00417,1/23/19,Dana L,Office Depot,IZG Item,6394.5092,9403.69,United States,NorthDakota,2.0,2.0,4.0,2.6666666666666665,3009.1808,Large Profit
S00418,8/28/17,Dana L,Home Depot,EHE Item,5363.1532,7886.99,United States,SouthDakota,3.0,2.0,3.0,2.6666666666666665,2523.8368,Large Profit
S00419,9/10/17,Dana L,Sherman Williams,RUN Item,2852.3448,7709.04,United States,Kansas,5.0,2.0,2.0,3.0,4856.6952,Large Profit
S00420,7/9/17,Dana L,Whole Foods,JUX Item,5626.65,7502.2,United States,Nebraska,3.0,4.0,5.0,4.0,1875.5500000000002,Medium Profit
S00421,9/26/18,Dana L,Solar and Wind Inc.,GMO Item,5590.275,7453.7,United States,NorthDakota,3.0,5.0,4.0,4.0,1863.4250000000002,Medium Profit
S00422,1/9/18,Dana L,Costco,MYE Item,3330.0135,7400.03,United States,SouthDakota,4.0,3.0,3.0,3.3333333333333335,4070.0164999999997,Large Profit
S00423,11/19/17,Dana L,Home Depot,ZZU Item,4198.0211,7115.29,United States,Kansas,4.0,2.0,4.0,3.3333333333333335,2917.2689,Large Profit
S00424,1/25/18,Dana L,The Economist,ZJS Item,5002.53,6670.04,United States,Nebraska,1.0,3.0,2.0,2.0,1667.5100000000002,Medium Profit
S00425,3/31/19,Dana L,Google,XSM Item,4453.995,5938.66,United States,NorthDakota,1.0,3.0,2.0,2.0,1484.665,Medium Profit
S00426,2/7/18,Dana L,The Economist,BSR Item,2178.4635,4841.03,United States,SouthDakota,4.0,3.0,2.0,3.0,2662.5665,Large Profit
S00427,3/22/19,Dana L,Whole Foods,BMX Item,4458.36985,4768.31,United States,Kansas,5.0,3.0,1.0,3.0,309.94015000000036,Small Profit
S00428,3/11/18,Dana L,Solar and Wind Inc.,ATJ Item,2597.269,4478.05,United States,Nebraska,3.0,3.0,3.0,3.0,1880.7810000000004,Medium Profit
S00429,2/7/18,Dana L,McLendon's Hardware,MUF Item,3726.0311,3985.06,United States,NorthDakota,5.0,3.0,2.0,3.3333333333333335,259.0288999999998,Small Profit
S00430,8/30/18,Dana L,Yahoo,OIW Item,1506.7028,3503.96,United States,SouthDakota,2.0,3.0,4.0,3.0,1997.2572,Medium Profit
S00431,6/14/18,Dana L,Whole Foods,JFV Item,1378.2446,3205.22,United States,Kansas,4.0,3.0,5.0,4.0,1826.9753999999998,Medium Profit
S00432,5/10/19,Dana L,Amazon.com,EKN Item,2127.2576,3128.32,United States,Nebraska,4.0,4.0,1.0,3.0,1001.0624000000003,Medium Profit
S00433,3/2/19,Dana L,Home Depot,WTJ Item,2916.7138,3119.48,United States,NorthDakota,2.0,5.0,2.0,3.0,202.76620000000003,Small Profit
S00434,7/19/17,Dana L,Peet's Coffee,JUQ Item,826.727,1503.14,United States,SouthDakota,4.0,5.0,3.0,4.0,676.4130000000001,Medium Profit
S00435,9/26/17,Daniil N,Solar and Wind Inc.,NRS Item,3621.1504,8421.28,United States,Kansas,3.0,3.0,4.0,3.3333333333333335,4800.1296,Large Profit
S00436,4/21/19,Daniil N,Office Depot,UGS Item,3303.1998,7681.86,United States,Nebraska,4.0,3.0,4.0,3.6666666666666665,4378.6602,Large Profit
S00437,1/4/19,Daniil N,Sherman Williams,CCA Item,3082.1712,7167.84,United States,NorthDakota,3.0,1.0,2.0,2.0,4085.6688,Large Profit
S00438,9/17/18,Daniil N,The Economist,QOJ Item,4906.845,6542.46,United States,SouthDakota,1.0,2.0,2.0,1.6666666666666667,1635.6149999999998,Medium Profit
S00439,8/4/18,Daniil N,Office Depot,HKD Item,4911.24645,5252.67,United States,Kansas,1.0,4.0,5.0,3.3333333333333335,341.42355000000043,Small Profit
S00440,1/11/19,Daniil N,Costco,GIV Item,3163.7775,4218.37,United States,Nebraska,4.0,5.0,4.0,4.333333333333333,1054.5924999999997,Medium Profit
S00441,1/11/19,Daniil N,Amazon.com,BZE Item,3249.56445,3475.47,United States,NorthDakota,5.0,5.0,5.0,5.0,225.90554999999995,Small Profit
S00442,5/6/19,Daniil N,Home Depot,RJA Item,1558.413,3463.14,United States,SouthDakota,5.0,2.0,1.0,2.6666666666666665,1904.7269999999999,Medium Profit
S00443,8/3/17,Daniil N,ExcelIsVeryFun.com,MME Item,1281.1805,3462.65,United States,Kansas,5.0,3.0,2.0,3.3333333333333335,2181.4695,Large Profit
S00444,3/5/19,Daniil N,Whole Foods,QXM Item,1032.2926,2789.98,United States,Nebraska,3.0,3.0,1.0,2.3333333333333335,1757.6874,Medium Profit
S00445,9/17/17,Daniil N,The Economist,XBK Item,913.6077,2469.21,United States,NorthDakota,4.0,3.0,3.0,3.3333333333333335,1555.6023,Medium Profit
S00446,11/23/17,Daniil N,Amazon.com,PJA Item,682.209,1240.38,United States,SouthDakota,3.0,2.0,3.0,2.6666666666666665,558.1710000000002,Medium Profit
S00447,5/19/18,Daniil N,Peet's Coffee,IKM Item,348.732,774.96,United States,Kansas,1.0,3.0,2.0,2.0,426.228,Small Profit
S00448,2/28/19,Daniil N,Office Depot,MDM Item,125.8999,340.27,United States,Nebraska,5.0,2.0,2.0,3.0,214.37009999999998,Small Profit
S00449,8/13/17,Desiree A,ExcelIsVeryFun.com,KPY Item,8446.46,9598.25,United States,NorthDakota,1.0,5.0,1.0,2.3333333333333335,1151.7900000000009,Medium Profit
S00450,5/28/18,Desiree A,Costco,EHF Item,4924.26,8953.2,United States,SouthDakota,4.0,3.0,5.0,4.0,4028.9400000000005,Large Profit
S00451,2/19/19,Desiree A,ExcelIsVeryFun.com,GHH Item,7657.5664,8701.78,United States,Kansas,1.0,4.0,1.0,2.0,1044.213600000001,Medium Profit
S00452,10/7/17,Desiree A,Yahoo,HVG Item,4572.0066,7882.77,United States,Nebraska,2.0,3.0,4.0,3.0,3310.7634000000007,Large Profit
S00453,1/10/18,Desiree A,Amazon.com,NBH Item,5815.1016,6608.07,United States,NorthDakota,1.0,5.0,4.0,3.3333333333333335,792.9683999999997,Medium Profit
S00454,11/19/18,Desiree A,Home Depot,ZIT Item,5560.97795,5947.57,United States,SouthDakota,1.0,4.0,3.0,2.6666666666666665,386.5920499999993,Small Profit
S00455,2/18/19,Desiree A,Amazon.com,GCY Item,3718.965,4958.62,United States,Kansas,3.0,3.0,4.0,3.3333333333333335,1239.6549999999997,Medium Profit
S00456,1/8/19,Desiree A,Solar and Wind Inc.,SNK Item,2173.2178,3683.42,United States,Nebraska,1.0,4.0,2.0,2.3333333333333335,1510.2022000000002,Medium Profit
S00457,1/3/18,Desiree A,Google,DVU Item,1690.7605,3074.11,United States,NorthDakota,1.0,4.0,2.0,2.3333333333333335,1383.3495,Medium Profit
S00458,10/3/17,Desiree A,Home Depot,KXK Item,975.0336,2267.52,United States,SouthDakota,2.0,5.0,5.0,4.0,1292.4864,Medium Profit
S00459,9/30/18,Desiree A,Google,XXH Item,610.8984,898.38,United States,Kansas,3.0,1.0,4.0,2.6666666666666665,287.48159999999996,Small Profit
S00460,1/21/19,Desiree A,Amazon.com,ZWS Item,600.0184,882.38,United States,Nebraska,2.0,1.0,3.0,2.0,282.36159999999995,Small Profit
S00461,12/6/17,Desiree A,Home Depot,NJY Item,54.2875,126.25,United States,NorthDakota,4.0,2.0,1.0,2.3333333333333335,71.9625,Small Profit
S00462,8/3/17,Dina,Whole Foods,VKR Item,3758.9611,8741.77,United States,SouthDakota,3.0,1.0,3.0,2.3333333333333335,4982.8089,Large Profit
S00463,4/6/19,Dina,McLendon's Hardware,AYM Item,4686.957,8521.74,United States,Kansas,5.0,4.0,5.0,4.666666666666667,3834.7829999999994,Large Profit
S00464,9/6/17,Dina,Whole Foods,EGR Item,3595.4837,8361.59,United States,Nebraska,4.0,4.0,5.0,4.333333333333333,4766.1062999999995,Large Profit
S00465,3/28/19,Dina,Yahoo,MYJ Item,6103.3632,6935.64,United States,NorthDakota,1.0,1.0,1.0,1.0,832.2768000000005,Medium Profit
S00466,5/20/18,Dina,Home Depot,XOU Item,3636.0838,6269.11,United States,SouthDakota,1.0,2.0,1.0,1.3333333333333333,2633.0262,Large Profit
S00467,6/10/19,Dina,Google,TEK Item,2681.739,5959.42,United States,Kansas,3.0,2.0,3.0,2.6666666666666665,3277.681,Large Profit
S00468,1/2/18,Dina,Sherman Williams,XSP Item,4158.195,5544.26,United States,Nebraska,4.0,2.0,5.0,3.6666666666666665,1386.0650000000005,Medium Profit
S00469,9/4/18,Dina,Home Depot,AEB Item,2886.3236,4976.42,United States,NorthDakota,2.0,4.0,4.0,3.3333333333333335,2090.0964,Large Profit
S00470,4/21/18,Dina,Yahoo,PLO Item,2494.6264,4301.08,United States,SouthDakota,2.0,1.0,4.0,2.3333333333333335,1806.4535999999998,Medium Profit
S00471,2/4/19,Dina,Yahoo,AIL Item,1142.983,2658.1,United States,Kansas,1.0,1.0,5.0,2.3333333333333335,1515.117,Medium Profit
S00472,11/15/18,Dina,McLendon's Hardware,GGY Item,2345.6158,2508.68,United States,Nebraska,1.0,3.0,4.0,2.6666666666666665,163.0641999999998,Small Profit
S00473,5/12/19,Dina,Home Depot,MJU Item,1122.2567,1902.13,United States,NorthDakota,1.0,3.0,4.0,2.6666666666666665,779.8733000000002,Medium Profit
S00474,3/20/19,Dina,Google,MNF Item,699.2445,1889.85,United States,SouthDakota,1.0,5.0,4.0,3.3333333333333335,1190.6055,Medium Profit
S00475,12/14/17,Dina,Nature Company,JSK Item,699.7004,1206.38,United States,Kansas,3.0,1.0,5.0,3.0,506.67960000000016,Medium Profit
S00476,1/17/19,Dina,Office Depot,ZQG Item,259.2975,471.45,United States,Nebraska,4.0,1.0,4.0,3.0,212.15249999999997,Small Profit
S00477,9/19/17,Dina,Office Depot,SSJ Item,115.3515,209.73,United States,NorthDakota,5.0,3.0,1.0,3.0,94.37849999999999,Small Profit
S00478,5/27/19,Dina,Yahoo,HPF Item,87.246,193.88,United States,SouthDakota,5.0,2.0,3.0,3.3333333333333335,106.634,Small Profit
S00479,7/14/17,Donald Wayne,Office Depot,QYZ Item,4413.681,9808.18,United States,Kansas,4.0,3.0,1.0,2.6666666666666665,5394.499000000001,Large Profit
S00480,8/22/17,Donald Wayne,Home Depot,QFG Item,3448.9587,9321.51,United States,Nebraska,3.0,4.0,2.0,3.0,5872.5513,Large Profit
S00481,8/23/18,Donald Wayne,The Economist,MRD Item,5301.917,8986.3,United States,NorthDakota,5.0,1.0,4.0,3.3333333333333335,3684.382999999999,Large Profit
S00482,9/21/18,Donald Wayne,McLendon's Hardware,WMB Item,4252.094,7731.08,United States,SouthDakota,2.0,2.0,1.0,1.6666666666666667,3478.986,Large Profit
S00483,7/9/18,Donald Wayne,Peet's Coffee,SKY Item,2437.0161,6586.53,United States,Kansas,2.0,1.0,2.0,1.6666666666666667,4149.5139,Large Profit
S00484,9/10/18,Donald Wayne,Costco,XTI Item,3060.2715,5564.13,United States,Nebraska,2.0,1.0,2.0,1.6666666666666667,2503.8585000000003,Large Profit
S00485,2/17/18,Donald Wayne,Whole Foods,QHL Item,2036.936,3703.52,United States,NorthDakota,3.0,5.0,1.0,3.0,1666.584,Medium Profit
S00486,10/9/18,Donald Wayne,Costco,XAS Item,2970.6633,3177.18,United States,SouthDakota,5.0,3.0,1.0,3.0,206.51669999999967,Small Profit
S00487,9/17/18,Donald Wayne,Peet's Coffee,GHF Item,1575.673,2864.86,United States,Kansas,4.0,5.0,3.0,4.0,1289.1870000000001,Medium Profit
S00488,8/16/17,Donald Wayne,Amazon.com,CUN Item,2645.0589,2828.94,United States,Nebraska,3.0,2.0,1.0,2.0,183.88110000000006,Small Profit
S00489,3/22/19,Donald Wayne,Nature Company,MNS Item,899.5376,1524.64,United States,NorthDakota,4.0,5.0,5.0,4.666666666666667,625.1024000000001,Medium Profit
S00490,11/19/18,Donald Wayne,Office Depot,IWZ Item,399.9525,533.27,United States,SouthDakota,5.0,3.0,1.0,3.0,133.3175,Small Profit
S00491,5/30/18,Donald Wayne,Costco,HPU Item,222.678,494.84,United States,Kansas,1.0,1.0,5.0,2.3333333333333335,272.162,Small Profit
S00492,3/26/18,Hassan M,Yahoo,ECG Item,4993.1915,9078.53,United States,Nebraska,1.0,1.0,3.0,1.6666666666666667,4085.3385000000007,Large Profit
S00493,6/1/18,Hassan M,Yahoo,HAK Item,8346.0905,8926.3,United States,NorthDakota,3.0,5.0,4.0,4.0,580.209499999999,Medium Profit
S00494,9/9/18,Hassan M,Solar and Wind Inc.,JCS Item,6992.6384,7946.18,United States,SouthDakota,5.0,4.0,5.0,4.666666666666667,953.5416000000005,Medium Profit
S00495,11/6/18,Hassan M,Nature Company,HWP Item,2922.2859,7898.07,United States,Kansas,3.0,2.0,2.0,2.3333333333333335,4975.7841,Large Profit
S00496,12/27/17,Hassan M,The Economist,KWJ Item,5832.4125,7776.55,United States,Nebraska,5.0,4.0,5.0,4.666666666666667,1944.1374999999998,Medium Profit
S00497,11/26/18,Hassan M,McLendon's Hardware,KCB Item,3184.4639,7405.73,United States,NorthDakota,1.0,3.0,1.0,1.6666666666666667,4221.266099999999,Large Profit
S00498,1/12/18,Hassan M,Amazon.com,YHR Item,3305.9025,7346.45,United States,SouthDakota,1.0,3.0,2.0,2.0,4040.5474999999997,Large Profit
S00499,10/7/18,Hassan M,Sherman Williams,XNB Item,3464.637,6299.34,United States,Kansas,3.0,3.0,5.0,3.6666666666666665,2834.703,Large Profit
S00500,9/7/17,Hassan M,Nature Company,NCH Item,5047.34505,5398.23,United States,Nebraska,2.0,1.0,2.0,1.6666666666666667,350.88494999999966,Small Profit
S00501,5/3/19,Hassan M,Whole Foods,YHW Item,3904.155,5205.54,United States,NorthDakota,3.0,1.0,2.0,2.0,1301.3849999999998,Medium Profit
S00502,12/22/18,Hassan M,Costco,SRQ Item,4382.9456,4980.62,United States,SouthDakota,4.0,1.0,3.0,2.6666666666666665,597.6743999999999,Medium Profit
S00503,1/8/19,Hassan M,Whole Foods,CXC Item,4349.1008,4942.16,United States,Kansas,5.0,5.0,3.0,4.333333333333333,593.0591999999997,Medium Profit
S00504,1/1/19,Hassan M,Amazon.com,RSL Item,2791.4493,4731.27,United States,Nebraska,5.0,5.0,5.0,5.0,1939.8207000000002,Medium Profit
S00505,2/26/19,Hassan M,ExcelIsVeryFun.com,AOV Item,2746.3432,4038.74,United States,NorthDakota,2.0,5.0,3.0,3.3333333333333335,1292.3968,Medium Profit
S00506,3/2/19,Hassan M,The Economist,FOB Item,2450.7608,3604.06,United States,SouthDakota,4.0,1.0,4.0,3.0,1153.2992,Medium Profit
S00507,5/11/19,Hassan M,McLendon's Hardware,FZS Item,2293.845,3058.46,United States,Kansas,1.0,5.0,1.0,2.3333333333333335,764.6150000000002,Medium Profit
S00508,7/15/17,Hassan M,Google,WGY Item,1049.9699,1779.61,United States,Nebraska,1.0,2.0,1.0,1.3333333333333333,729.6400999999998,Medium Profit
S00509,6/3/19,Hassan M,Peet's Coffee,ZLR Item,1291.4625,1721.95,United States,NorthDakota,5.0,2.0,5.0,4.0,430.48749999999995,Small Profit
S00510,3/31/19,Hassan M,McLendon's Hardware,WBN Item,892.6496,1312.72,United States,SouthDakota,5.0,5.0,1.0,3.6666666666666665,420.07040000000006,Small Profit
S00511,10/2/18,Hassan M,Yahoo,YUZ Item,96.9884,142.63,United States,Kansas,4.0,4.0,2.0,3.3333333333333335,45.6416,Small Profit
S00512,11/1/18,Hassan M,McLendon's Hardware,ULX Item,42.4796,62.47,United States,Nebraska,2.0,1.0,1.0,1.3333333333333333,19.9904,Small Profit
S00513,6/7/19,Michael G,Whole Foods,MDI Item,3401.7208,9193.84,United States,NorthDakota,2.0,2.0,4.0,2.6666666666666665,5792.1192,Large Profit
S00514,2/18/18,Michael G,The Economist,VRS Item,3065.0763,8283.99,United States,SouthDakota,1.0,2.0,1.0,1.3333333333333333,5218.913699999999,Large Profit
S00515,9/11/18,Michael G,Google,XUE Item,2990.2623,8081.79,United States,Kansas,4.0,2.0,4.0,3.3333333333333335,5091.527700000001,Large Profit
S00516,5/27/19,Michael G,Sherman Williams,QAG Item,5422.665,7230.22,United States,Nebraska,1.0,5.0,1.0,2.3333333333333335,1807.5550000000003,Medium Profit
S00517,5/13/19,Michael G,Nature Company,OAP Item,2666.1386,7205.78,United States,NorthDakota,2.0,3.0,3.0,2.6666666666666665,4539.6413999999995,Large Profit
S00518,2/27/18,Michael G,Google,NFX Item,5707.8208,6486.16,United States,SouthDakota,2.0,4.0,3.0,3.0,778.3391999999994,Medium Profit
S00519,1/27/18,Michael G,Google,MUA Item,2050.246,3727.72,United States,Kansas,1.0,1.0,1.0,1.0,1677.4739999999997,Medium Profit
S00520,7/17/18,Michael G,Amazon.com,RWD Item,2341.155,3121.54,United States,Nebraska,5.0,4.0,3.0,4.0,780.3849999999998,Medium Profit
S00521,12/4/17,Michael G,The Economist,RDD Item,1980.135,2640.18,United States,NorthDakota,5.0,2.0,5.0,4.0,660.0449999999998,Medium Profit
S00522,1/29/19,Michael G,Yahoo,ZCN Item,429.60445,459.47,United States,SouthDakota,4.0,4.0,5.0,4.333333333333333,29.86555000000004,Small Profit
S00523,9/1/18,Nikol M,Google,PXE Item,7327.08,9769.44,United States,Kansas,2.0,2.0,3.0,2.3333333333333335,2442.3600000000006,Large Profit
S00524,11/16/18,Nikol M,Office Depot,ULZ Item,4919.222,8944.04,United States,Nebraska,4.0,3.0,1.0,2.6666666666666665,4024.818000000001,Large Profit
S00525,3/2/19,Nikol M,Solar and Wind Inc.,PUD Item,3827.0385,8504.53,United States,NorthDakota,4.0,1.0,1.0,2.0,4677.4915,Large Profit
S00526,9/11/18,Nikol M,Sherman Williams,RKL Item,5649.9024,8308.68,United States,SouthDakota,2.0,4.0,2.0,2.6666666666666665,2658.7776000000003,Large Profit
S00527,12/1/17,Nikol M,Costco,CJK Item,7115.328,8085.6,United States,Kansas,1.0,4.0,3.0,2.6666666666666665,970.2719999999999,Medium Profit
S00528,4/15/18,Nikol M,Costco,STS Item,4387.3698,7436.22,United States,Nebraska,1.0,2.0,3.0,2.0,3048.8502,Large Profit
S00529,3/17/19,Nikol M,Sherman Williams,TAA Item,6362.74045,6805.07,United States,NorthDakota,3.0,4.0,2.0,3.0,442.3295499999995,Small Profit
S00530,3/24/18,Nikol M,Costco,ZCV Item,3540.5865,6437.43,United States,SouthDakota,5.0,5.0,1.0,3.6666666666666665,2896.8435000000004,Large Profit
S00531,12/3/18,Nikol M,Nature Company,ICM Item,2650.3394,6163.58,United States,Kansas,4.0,1.0,5.0,3.3333333333333335,3513.2406,Large Profit
S00532,2/6/18,Nikol M,The Economist,TLQ Item,2084.6947,5634.31,United States,Nebraska,3.0,2.0,4.0,3.0,3549.6153000000004,Large Profit
S00533,4/30/18,Nikol M,Sherman Williams,BVD Item,2624.6504,4448.56,United States,NorthDakota,3.0,5.0,2.0,3.3333333333333335,1823.9096000000004,Medium Profit
S00534,2/26/18,Nikol M,The Economist,HTD Item,3176.73,4235.64,United States,SouthDakota,3.0,4.0,4.0,3.6666666666666665,1058.9100000000003,Medium Profit
S00535,4/27/18,Nikol M,Nature Company,IBH Item,2387.4477,2553.42,United States,Kansas,3.0,2.0,5.0,3.3333333333333335,165.9722999999999,Small Profit
S00536,2/6/19,Nikol M,Home Depot,KFE Item,1297.0134,2236.23,United States,Nebraska,2.0,4.0,4.0,3.3333333333333335,939.2166,Medium Profit
S00537,4/7/18,Nikol M,Solar and Wind Inc.,SAK Item,865.9935,1924.43,United States,NorthDakota,3.0,1.0,3.0,2.3333333333333335,1058.4365,Medium Profit
S00538,7/29/18,Nikol M,Solar and Wind Inc.,BDC Item,966.493,1757.26,United States,SouthDakota,5.0,3.0,1.0,3.0,790.7669999999999,Medium Profit
S00539,11/29/18,Nikol M,Whole Foods,UJD Item,840.7795,1528.69,United States,Kansas,2.0,3.0,1.0,2.0,687.9105000000001,Medium Profit
S00540,2/26/18,Nikol M,Peet's Coffee,TMU Item,1410.75605,1508.83,United States,Nebraska,4.0,5.0,5.0,4.666666666666667,98.07394999999997,Small Profit
S00541,1/28/18,Nikol M,Sherman Williams,RVI Item,510.9525,681.27,United States,NorthDakota,5.0,2.0,1.0,2.6666666666666665,170.3175,Small Profit
S00542,7/4/18,Nikol M,McLendon's Hardware,OVE Item,344.9402,368.92,United States,SouthDakota,5.0,5.0,1.0,3.6666666666666665,23.97980000000001,Small Profit
S00543,4/23/18,Nikol M,Home Depot,TOD Item,207.468,305.1,United States,Kansas,4.0,3.0,5.0,4.0,97.63200000000003,Small Profit
S00544,9/24/17,Nikol M,Office Depot,IDK Item,112.7984,128.18,United States,Nebraska,4.0,1.0,3.0,2.6666666666666665,15.381600000000006,Small Profit
S00545,11/13/18,Sarabeth L,Nature Company,OUO Item,3653.6353,9874.69,United States,NorthDakota,3.0,5.0,1.0,3.0,6221.054700000001,Large Profit
S00546,5/28/19,Sarabeth L,Nature Company,TYA Item,5262.2075,9567.65,United States,SouthDakota,5.0,2.0,1.0,2.6666666666666665,4305.442499999999,Large Profit
S00547,9/30/17,Sarabeth L,Office Depot,GFQ Item,3523.6395,9523.35,United States,Kansas,2.0,1.0,2.0,1.6666666666666667,5999.7105,Large Profit
S00548,6/17/17,Sarabeth L,ExcelIsVeryFun.com,KVM Item,8271.4896,9399.42,United States,Nebraska,1.0,2.0,2.0,1.6666666666666667,1127.9303999999993,Medium Profit
S00549,9/24/17,Sarabeth L,Sherman Williams,RYV Item,6159.0388,9057.41,United States,NorthDakota,4.0,5.0,3.0,4.0,2898.3711999999996,Large Profit
S00550,7/10/18,Sarabeth L,McLendon's Hardware,ZST Item,4941.508,8984.56,United States,SouthDakota,1.0,2.0,4.0,2.3333333333333335,4043.0519999999997,Large Profit
S00551,3/1/19,Sarabeth L,Sherman Williams,FCV Item,4976.1312,7317.84,United States,Kansas,3.0,1.0,1.0,1.6666666666666667,2341.7088000000003,Large Profit
S00552,1/20/19,Sarabeth L,Sherman Williams,KAB Item,5095.41,6793.88,United States,Nebraska,3.0,5.0,2.0,3.3333333333333335,1698.4700000000003,Medium Profit
S00553,5/28/18,Sarabeth L,Home Depot,RLN Item,2445.4151,6609.23,United States,NorthDakota,4.0,5.0,2.0,3.6666666666666665,4163.814899999999,Large Profit
S00554,4/30/19,Sarabeth L,Amazon.com,RPP Item,3233.7251,5480.89,United States,SouthDakota,1.0,2.0,1.0,1.3333333333333333,2247.1649,Large Profit
S00555,1/3/19,Sarabeth L,Google,RBN Item,4448.6904,5055.33,United States,Kansas,5.0,4.0,4.0,4.333333333333333,606.6395999999995,Medium Profit
S00556,8/3/18,Sarabeth L,Google,UKJ Item,2838.2706,4893.57,United States,Nebraska,2.0,1.0,5.0,2.6666666666666665,2055.2994,Large Profit
S00557,12/4/17,Sarabeth L,Whole Foods,VHG Item,2970.6956,4368.67,United States,NorthDakota,1.0,2.0,1.0,1.3333333333333333,1397.9744,Medium Profit
S00558,1/5/19,Sarabeth L,Costco,GUS Item,3253.485,4337.98,United States,SouthDakota,3.0,5.0,5.0,4.333333333333333,1084.4949999999994,Medium Profit
S00559,1/29/18,Sarabeth L,Solar and Wind Inc.,XFU Item,969.0351,2253.57,United States,Kansas,5.0,4.0,5.0,4.666666666666667,1284.5349,Medium Profit
S00560,2/28/18,Sarabeth L,Whole Foods,DFX Item,854.7615,1899.47,United States,Nebraska,2.0,4.0,5.0,3.6666666666666665,1044.7085000000002,Medium Profit
S00561,11/10/17,Sarabeth L,Whole Foods,IGA Item,243.903,443.46,United States,NorthDakota,4.0,1.0,2.0,2.3333333333333335,199.557,Small Profit
S00562,11/7/18,Shannon L,Home Depot,XZA Item,5885.6925,9975.75,United States,SouthDakota,2.0,2.0,3.0,2.3333333333333335,4090.0575,Large Profit
S00563,6/12/19,Shannon L,ExcelIsVeryFun.com,DQI Item,3786.494,8805.8,United States,Kansas,2.0,5.0,4.0,3.6666666666666665,5019.305999999999,Large Profit
S00564,12/14/17,Shannon L,Office Depot,NCF Item,4676.4414,8062.83,United States,Nebraska,1.0,5.0,5.0,3.6666666666666665,3386.3886,Large Profit
S00565,11/29/17,Shannon L,Nature Company,HQT Item,4756.4436,6994.77,United States,NorthDakota,4.0,4.0,3.0,3.6666666666666665,2238.326400000001,Large Profit
S00566,10/9/18,Shannon L,ExcelIsVeryFun.com,TBL Item,2718.9459,6323.13,United States,SouthDakota,5.0,3.0,4.0,4.0,3604.1841,Large Profit
S00567,5/10/19,Shannon L,Whole Foods,BPF Item,3475.9285,6319.87,United States,Kansas,5.0,5.0,4.0,4.666666666666667,2843.9415,Large Profit
S00568,11/25/18,Shannon L,Nature Company,MTA Item,3202.8528,5522.16,United States,Nebraska,4.0,5.0,4.0,4.333333333333333,2319.3071999999997,Large Profit
S00569,1/27/18,Shannon L,ExcelIsVeryFun.com,VPP Item,1915.5492,5177.16,United States,NorthDakota,5.0,2.0,1.0,2.6666666666666665,3261.6108,Large Profit
S00570,4/21/19,Shannon L,Sherman Williams,QMX Item,3122.1256,3547.87,United States,SouthDakota,4.0,5.0,3.0,4.0,425.74440000000004,Small Profit
S00571,5/2/18,Shannon L,Yahoo,LBC Item,1178.4981,3185.13,United States,Kansas,4.0,3.0,3.0,3.3333333333333335,2006.6319,Large Profit
S00572,12/7/17,Shannon L,Google,EHO Item,2540.1992,2886.59,United States,Nebraska,5.0,2.0,4.0,3.6666666666666665,346.3908000000001,Small Profit
S00573,9/8/17,Shannon L,ExcelIsVeryFun.com,KBG Item,1160.2432,2698.24,United States,NorthDakota,3.0,3.0,4.0,3.3333333333333335,1537.9968,Medium Profit
S00574,12/1/17,Shannon L,Home Depot,BPJ Item,730.538,1238.2,United States,SouthDakota,2.0,2.0,2.0,2.0,507.66200000000003,Medium Profit
S00575,1/29/18,Shannon L,Amazon.com,TSR Item,185.3816,272.62,United States,Kansas,4.0,1.0,4.0,3.0,87.23840000000001,Small Profit
S00576,5/5/18,Shuting,Solar and Wind Inc.,EXM Item,5754.9367,9754.13,United States,Nebraska,1.0,1.0,3.0,1.6666666666666667,3999.193299999999,Large Profit
S00577,12/18/18,Shuting,Costco,HSF Item,3553.8093,9604.89,United States,NorthDakota,4.0,1.0,4.0,3.0,6051.0806999999995,Large Profit
S00578,8/7/18,Shuting,Google,IKX Item,4037.3689,9389.23,United States,SouthDakota,5.0,4.0,5.0,4.666666666666667,5351.8611,Large Profit
S00579,12/8/17,Shuting,ExcelIsVeryFun.com,EOP Item,5488.9765,9303.35,United States,Kansas,5.0,3.0,4.0,4.0,3814.3735000000006,Large Profit
S00580,9/25/18,Shuting,Yahoo,GWY Item,4152.5415,9227.87,United States,Nebraska,5.0,5.0,3.0,4.333333333333333,5075.3285000000005,Large Profit
S00581,1/21/19,Shuting,The Economist,BCY Item,7438.068,8452.35,United States,NorthDakota,5.0,2.0,5.0,4.0,1014.2820000000002,Medium Profit
S00582,10/16/18,Shuting,Amazon.com,KAJ Item,3111.4743,8409.39,United States,SouthDakota,5.0,3.0,2.0,3.3333333333333335,5297.9157,Large Profit
S00583,2/11/19,Shuting,Office Depot,VJU Item,2623.2334,7089.82,United States,Kansas,4.0,1.0,3.0,2.6666666666666665,4466.5866,Large Profit
S00584,4/30/18,Shuting,Google,WPF Item,2401.7329,6491.17,United States,Nebraska,1.0,1.0,5.0,2.3333333333333335,4089.4371,Large Profit
S00585,4/7/18,Shuting,Nature Company,IFX Item,5761.5822,6162.12,United States,NorthDakota,3.0,4.0,5.0,4.0,400.53780000000006,Small Profit
S00586,4/16/19,Shuting,Peet's Coffee,YDS Item,4473.2475,5964.33,United States,SouthDakota,2.0,4.0,3.0,3.0,1491.0824999999995,Medium Profit
S00587,9/25/17,Shuting,Amazon.com,WDM Item,2641.896,5870.88,United States,Kansas,5.0,2.0,3.0,3.3333333333333335,3228.984,Large Profit
S00588,7/19/17,Shuting,Sherman Williams,YMA Item,1832.0503,3105.17,United States,Nebraska,5.0,3.0,5.0,4.333333333333333,1273.1197,Medium Profit
S00589,6/29/17,Shuting,McLendon's Hardware,FMA Item,1565.0745,2845.59,United States,NorthDakota,4.0,1.0,1.0,2.0,1280.5155000000002,Medium Profit
S00590,6/6/18,Shuting,Sherman Williams,ZZU Item,989.7019,2674.87,United States,SouthDakota,3.0,4.0,5.0,4.0,1685.1680999999999,Medium Profit
S00591,12/6/18,Shuting,Google,FPO Item,1518.2025,2024.27,United States,Kansas,3.0,2.0,2.0,2.3333333333333335,506.0674999999999,Medium Profit
S00592,9/18/18,Suzanne M,Nature Company,FXK Item,5347.43,9722.6,United States,Nebraska,4.0,2.0,2.0,2.6666666666666665,4375.17,Large Profit
S00593,9/30/17,Suzanne M,Amazon.com,FZM Item,5505.8646,9492.87,United States,NorthDakota,4.0,5.0,4.0,4.333333333333333,3987.005400000001,Large Profit
S00594,7/27/18,Suzanne M,Google,LHL Item,5568.6855,9438.45,United States,SouthDakota,2.0,4.0,3.0,3.0,3869.764500000001,Large Profit
S00595,6/27/17,Suzanne M,Solar and Wind Inc.,CRR Item,3785.4964,8803.48,United States,Kansas,5.0,5.0,5.0,5.0,5017.9836,Large Profit
S00596,10/20/18,Suzanne M,Google,CZE Item,5027.1036,8667.42,United States,Nebraska,3.0,3.0,3.0,3.0,3640.3163999999997,Large Profit
S00597,7/14/18,Suzanne M,Home Depot,VIT Item,4235.5335,7700.97,United States,NorthDakota,3.0,2.0,1.0,2.0,3465.4365000000007,Large Profit
S00598,1/10/19,Suzanne M,McLendon's Hardware,GDW Item,7176.73275,7675.65,United States,SouthDakota,1.0,3.0,1.0,1.6666666666666667,498.9172499999995,Small Profit
S00599,6/8/19,Suzanne M,Home Depot,LZH Item,2605.3515,5789.67,United States,Kansas,2.0,5.0,3.0,3.3333333333333335,3184.3185,Large Profit
S00600,7/28/17,Suzanne M,Costco,XTG Item,4400.1056,5000.12,United States,Nebraska,4.0,2.0,3.0,3.0,600.0144,Medium Profit
S00601,3/14/18,Suzanne M,Whole Foods,INI Item,2282.182,3356.15,United States,NorthDakota,4.0,3.0,4.0,3.6666666666666665,1073.9680000000003,Medium Profit
S00602,7/3/18,Suzanne M,Costco,YOU Item,1034.1458,1783.01,United States,SouthDakota,5.0,5.0,3.0,4.333333333333333,748.8642,Medium Profit
S00603,4/14/18,Suzanne M,Nature Company,VZO Item,447.3485,1209.05,United States,Kansas,1.0,4.0,3.0,2.6666666666666665,761.7014999999999,Medium Profit
S00604,9/30/18,Suzanne M,McLendon's Hardware,XCZ Item,947.3233,1013.18,United States,Nebraska,2.0,1.0,3.0,2.0,65.85669999999993,Small Profit
S00605,7/12/18,Suzanne M,Office Depot,UNV Item,287.6544,326.88,United States,NorthDakota,2.0,3.0,3.0,2.6666666666666665,39.225599999999986,Small Profit
S00606,7/24/17,Toni M,Google,RAP Item,4232.2455,9404.99,United States,SouthDakota,2.0,3.0,1.0,2.0,5172.7445,Large Profit
S00607,7/13/18,Toni M,Google,RJB Item,5510.954,9340.6,United States,Kansas,3.0,1.0,4.0,2.6666666666666665,3829.6460000000006,Large Profit
S00608,7/28/17,Toni M,Sherman Williams,MZC Item,3856.1411,8967.77,United States,Nebraska,2.0,2.0,2.0,2.0,5111.628900000001,Large Profit
S00609,7/20/17,Toni M,Solar and Wind Inc.,JDA Item,4411.0878,7476.42,United States,NorthDakota,5.0,3.0,2.0,3.3333333333333335,3065.3322,Large Profit
S00610,4/7/18,Toni M,Office Depot,VRK Item,4155.9016,6111.62,United States,SouthDakota,4.0,4.0,3.0,3.6666666666666665,1955.7183999999997,Medium Profit
S00611,5/2/19,Toni M,Google,KWB Item,2420.244,5378.32,United States,Kansas,1.0,4.0,1.0,2.0,2958.0759999999996,Large Profit
S00612,8/18/17,Toni M,Home Depot,OIK Item,2575.3365,4682.43,United States,Nebraska,1.0,5.0,2.0,2.6666666666666665,2107.0935000000004,Large Profit
S00613,2/14/18,Toni M,Amazon.com,JGN Item,1698.6663,4590.99,United States,NorthDakota,3.0,2.0,3.0,2.6666666666666665,2892.3237,Large Profit
S00614,3/21/19,Toni M,ExcelIsVeryFun.com,MGO Item,2464.9075,4481.65,United States,SouthDakota,1.0,5.0,4.0,3.3333333333333335,2016.7424999999998,Large Profit
S00615,9/24/18,Toni M,The Economist,LOI Item,2727.3,3636.4,United States,Kansas,2.0,4.0,5.0,3.6666666666666665,909.0999999999999,Medium Profit
S00616,5/1/18,Toni M,Sherman Williams,QIL Item,2952.3648,3354.96,United States,Nebraska,4.0,2.0,1.0,2.3333333333333335,402.5952000000002,Small Profit
S00617,1/19/19,Toni M,The Economist,GWO Item,913.6188,2469.24,United States,NorthDakota,3.0,4.0,5.0,4.0,1555.6211999999998,Medium Profit
S00618,5/27/19,Toni M,Office Depot,KTI Item,1067.1625,1808.75,United States,SouthDakota,2.0,4.0,1.0,2.3333333333333335,741.5875000000001,Medium Profit
S00619,12/1/18,Toni M,ExcelIsVeryFun.com,PWQ Item,1459.52565,1560.99,United States,Kansas,5.0,5.0,5.0,5.0,101.46434999999997,Small Profit
S00620,8/28/17,Toni M,Peet's Coffee,MEJ Item,964.1448,1417.86,United States,Nebraska,2.0,2.0,4.0,2.6666666666666665,453.71519999999987,Small Profit
S00621,4/30/19,Toni M,Whole Foods,CYN Item,730.4625,973.95,United States,NorthDakota,3.0,4.0,5.0,4.0,243.48750000000007,Small Profit
S00622,10/4/18,Tonya J,Whole Foods,MDC Item,8748.7752,9941.79,United States,SouthDakota,1.0,1.0,5.0,2.3333333333333335,1193.0148000000008,Medium Profit
S00623,12/26/18,Tonya J,Google,JMU Item,8598.60595,9196.37,United States,Kansas,2.0,2.0,3.0,2.3333333333333335,597.7640500000016,Medium Profit
S00624,10/21/18,Tonya J,Yahoo,WKL Item,8597.4559,9195.14,United States,Nebraska,1.0,3.0,5.0,3.0,597.6840999999986,Medium Profit
S00625,11/21/17,Tonya J,Nature Company,NDX Item,5029.8975,8525.25,United States,NorthDakota,2.0,5.0,1.0,2.6666666666666665,3495.3525,Large Profit
S00626,7/28/18,Tonya J,Sherman Williams,DFR Item,2898.1957,6739.99,United States,SouthDakota,4.0,2.0,1.0,2.3333333333333335,3841.7942999999996,Large Profit
S00627,11/3/18,Tonya J,The Economist,QZD Item,3516.601,6393.82,United States,Kansas,4.0,4.0,4.0,4.0,2877.2189999999996,Large Profit
S00628,3/20/18,Tonya J,Yahoo,QZK Item,3705.6374,6389.03,United States,Nebraska,2.0,5.0,5.0,4.0,2683.3925999999997,Large Profit
S00629,2/10/19,Tonya J,Whole Foods,TYZ Item,2542.4395,5912.65,United States,NorthDakota,5.0,3.0,2.0,3.3333333333333335,3370.2104999999997,Large Profit
S00630,2/20/19,Tonya J,Solar and Wind Inc.,SWY Item,2423.79,5386.2,United States,SouthDakota,4.0,2.0,2.0,2.6666666666666665,2962.41,Large Profit
S00631,7/8/17,Tonya J,Solar and Wind Inc.,UZJ Item,3734.64,4979.52,United States,Kansas,5.0,5.0,5.0,5.0,1244.8800000000006,Medium Profit
S00632,6/16/18,Tonya J,ExcelIsVeryFun.com,FKX Item,4235.8008,4813.41,United States,Nebraska,2.0,5.0,1.0,2.6666666666666665,577.6091999999999,Medium Profit
S00633,6/22/18,Tonya J,ExcelIsVeryFun.com,RYL Item,1658.9013,3857.91,United States,NorthDakota,5.0,4.0,4.0,4.333333333333333,2199.0087,Large Profit
S00634,6/18/18,Tonya J,Home Depot,YSR Item,1527.282,3393.96,United States,SouthDakota,1.0,5.0,5.0,3.6666666666666665,1866.678,Medium Profit
S00635,7/1/18,Tonya J,The Economist,NZW Item,2448.4097,2618.62,United States,Kansas,1.0,1.0,2.0,1.3333333333333333,170.21029999999973,Small Profit
S00636,7/15/18,Tonya J,Google,IAF Item,1908.5475,2544.73,United States,Nebraska,1.0,2.0,1.0,1.3333333333333333,636.1825000000001,Medium Profit
S00637,9/16/17,Tonya J,McLendon's Hardware,MIY Item,828.5928,2239.44,United States,NorthDakota,2.0,5.0,1.0,2.6666666666666665,1410.8472000000002,Medium Profit
S00638,3/12/18,Tonya J,ExcelIsVeryFun.com,UKX Item,1499.6312,2205.34,United States,SouthDakota,4.0,5.0,4.0,4.333333333333333,705.7088000000001,Medium Profit
S00639,7/28/18,Tonya J,Yahoo,DQI Item,1115.2845,2027.79,United States,Kansas,2.0,1.0,3.0,2.0,912.5055,Medium Profit
S00640,6/24/18,Tonya J,Costco,RLH Item,1402.9664,1594.28,United States,Nebraska,3.0,3.0,3.0,3.0,191.31359999999995,Small Profit
S00641,1/20/18,Tonya J,Office Depot,KZG Item,466.6489,1085.23,United States,NorthDakota,1.0,3.0,2.0,2.0,618.5811,Medium Profit
S00642,3/28/18,Tonya J,Solar and Wind Inc.,PPV Item,374.3919,1011.87,United States,SouthDakota,5.0,2.0,2.0,3.0,637.4781,Medium Profit
S00643,3/8/19,Vivien R,ExcelIsVeryFun.com,QNH Item,4014.9745,9337.15,United States,Kansas,1.0,1.0,5.0,2.3333333333333335,5322.175499999999,Large Profit
S00644,2/11/19,Vivien R,Peet's Coffee,LES Item,4972.22,9040.4,United States,Nebraska,3.0,3.0,2.0,2.6666666666666665,4068.1799999999994,Large Profit
S00645,7/24/17,Vivien R,The Economist,TAK Item,3807.972,8462.16,United States,NorthDakota,4.0,1.0,5.0,3.3333333333333335,4654.188,Large Profit
S00646,7/30/18,Vivien R,McLendon's Hardware,XCL Item,5237.0175,6982.69,United States,SouthDakota,4.0,3.0,2.0,3.0,1745.6724999999997,Medium Profit
S00647,12/3/18,Vivien R,Google,DKL Item,2314.6083,5382.81,United States,Kansas,3.0,1.0,3.0,2.3333333333333335,3068.2017000000005,Large Profit
S00648,9/7/18,Vivien R,Costco,OEX Item,1880.0403,5081.19,United States,Nebraska,4.0,3.0,1.0,2.6666666666666665,3201.1497,Large Profit
S00649,10/12/18,Vivien R,Solar and Wind Inc.,UJM Item,1077.804,2395.12,United States,NorthDakota,4.0,5.0,3.0,4.0,1317.3159999999998,Medium Profit
S00650,4/3/18,Abdisamad A,Whole Foods,OWA Item,7959.1864,9044.53,United States,Maine,2.0,5.0,1.0,2.6666666666666665,1085.343600000001,Medium Profit
S00651,10/4/18,Abdisamad A,ExcelIsVeryFun.com,VFX Item,5254.0208,8905.12,United States,NewHampshire,2.0,3.0,5.0,3.3333333333333335,3651.0992000000006,Large Profit
S00652,3/23/18,Abdisamad A,Costco,OZO Item,7978.40175,8533.05,United States,Vermont,3.0,4.0,3.0,3.3333333333333335,554.6482499999993,Medium Profit
S00653,11/17/18,Abdisamad A,Solar and Wind Inc.,FNL Item,4996.3206,8468.34,United States,Massachusetts,2.0,2.0,5.0,3.0,3472.0194,Large Profit
S00654,7/16/18,Abdisamad A,Amazon.com,RLQ Item,6263.6175,8351.49,United States,RhodeIsland,3.0,1.0,1.0,1.6666666666666667,2087.8724999999995,Large Profit
S00655,7/14/18,Abdisamad A,Whole Foods,GQT Item,7702.4739,8237.94,United States,Connecticut,3.0,2.0,4.0,3.0,535.4661000000006,Medium Profit
S00656,4/28/18,Abdisamad A,Office Depot,QKB Item,3493.0534,8123.38,United States,NewYork,4.0,2.0,2.0,2.6666666666666665,4630.3266,Large Profit
S00657,10/29/18,Abdisamad A,Amazon.com,VXX Item,2969.99,8027.0,United States,NewJersey,2.0,2.0,2.0,2.0,5057.01,Large Profit
S00658,5/2/19,Abdisamad A,Amazon.com,TRJ Item,5363.0444,7886.83,United States,Pennsylvania,3.0,5.0,3.0,3.6666666666666665,2523.7856,Large Profit
S00659,5/4/18,Abdisamad A,Office Depot,RUJ Item,2880.6572,7785.56,United States,Maine,3.0,5.0,1.0,3.0,4904.9028,Large Profit
S00660,8/13/17,Abdisamad A,Yahoo,WYM Item,2791.8868,7545.64,United States,NewHampshire,2.0,4.0,2.0,2.6666666666666665,4753.7532,Large Profit
S00661,10/16/17,Abdisamad A,Home Depot,OBL Item,3394.8045,7544.01,United States,Vermont,2.0,2.0,4.0,2.6666666666666665,4149.2055,Large Profit
S00662,8/20/18,Abdisamad A,Solar and Wind Inc.,YNW Item,4020.2932,6931.54,United States,Massachusetts,1.0,2.0,4.0,2.3333333333333335,2911.2468,Large Profit
S00663,12/29/18,Abdisamad A,Home Depot,BOQ Item,3964.5146,6835.37,United States,RhodeIsland,1.0,4.0,2.0,2.3333333333333335,2870.8554,Large Profit
S00664,12/27/17,Abdisamad A,Home Depot,XYL Item,4638.9192,6821.94,United States,Connecticut,2.0,1.0,3.0,2.0,2183.0207999999993,Large Profit
S00665,6/26/17,Abdisamad A,Amazon.com,AHN Item,5927.724,6736.05,United States,NewYork,5.0,1.0,1.0,2.3333333333333335,808.326,Medium Profit
S00666,12/7/18,Abdisamad A,ExcelIsVeryFun.com,AIQ Item,4257.4392,6260.94,United States,NewJersey,5.0,5.0,4.0,4.666666666666667,2003.5007999999998,Large Profit
S00667,12/13/17,Abdisamad A,The Economist,YDO Item,3371.7255,6130.41,United States,Pennsylvania,4.0,5.0,2.0,3.6666666666666665,2758.6845,Large Profit
S00668,7/28/18,Abdisamad A,Nature Company,NUV Item,3967.77,5290.36,United States,Maine,4.0,5.0,5.0,4.666666666666667,1322.5899999999997,Medium Profit
S00669,5/24/18,Abdisamad A,Peet's Coffee,YXD Item,3591.2772,5281.29,United States,NewHampshire,5.0,5.0,3.0,4.333333333333333,1690.0128,Medium Profit
S00670,12/20/18,Abdisamad A,Office Depot,EIE Item,2212.823,5146.1,United States,Vermont,3.0,3.0,3.0,3.0,2933.2770000000005,Large Profit
S00671,11/29/17,Abdisamad A,Home Depot,SIW Item,2962.6168,5107.96,United States,Massachusetts,1.0,4.0,2.0,2.3333333333333335,2145.3432000000003,Large Profit
S00672,10/2/18,Abdisamad A,Office Depot,XYR Item,1844.1947,4984.31,United States,RhodeIsland,5.0,3.0,2.0,3.3333333333333335,3140.1153000000004,Large Profit
S00673,3/1/18,Abdisamad A,Google,DNC Item,2122.8412,4936.84,United States,Connecticut,1.0,2.0,2.0,1.6666666666666667,2813.9988000000003,Large Profit
S00674,6/11/18,Abdisamad A,Yahoo,VTW Item,2204.4645,4898.81,United States,NewYork,4.0,4.0,4.0,4.0,2694.3455000000004,Large Profit
S00675,5/18/19,Abdisamad A,The Economist,DIO Item,4246.57365,4541.79,United States,NewJersey,1.0,5.0,1.0,2.3333333333333335,295.2163499999997,Small Profit
S00676,5/19/19,Abdisamad A,McLendon's Hardware,TLJ Item,3908.8896,4441.92,United States,Pennsylvania,4.0,5.0,4.0,4.333333333333333,533.0304000000001,Medium Profit
S00677,4/1/19,Abdisamad A,Sherman Williams,CUK Item,1908.765,4241.7,United States,Maine,1.0,3.0,3.0,2.3333333333333335,2332.9349999999995,Large Profit
S00678,10/26/17,Abdisamad A,The Economist,LHW Item,2137.2927,3622.53,United States,NewHampshire,1.0,5.0,4.0,3.3333333333333335,1485.2373000000002,Medium Profit
S00679,9/7/17,Abdisamad A,Home Depot,MDN Item,1465.875,3257.5,United States,Vermont,4.0,5.0,5.0,4.666666666666667,1791.625,Medium Profit
S00680,10/29/18,Abdisamad A,Office Depot,RAR Item,1879.0782,3239.79,United States,Massachusetts,5.0,2.0,1.0,2.6666666666666665,1360.7118,Medium Profit
S00681,1/13/18,Abdisamad A,Sherman Williams,ACE Item,2235.21,2980.28,United States,RhodeIsland,3.0,2.0,5.0,3.3333333333333335,745.0700000000002,Medium Profit
S00682,9/28/17,Abdisamad A,Costco,AJA Item,1582.7476,2327.57,United States,Connecticut,5.0,2.0,5.0,4.0,744.8224000000002,Medium Profit
S00683,10/23/18,Abdisamad A,Sherman Williams,RRI Item,1978.9616,2248.82,United States,NewYork,1.0,4.0,5.0,3.3333333333333335,269.8584000000001,Small Profit
S00684,6/7/19,Abdisamad A,Google,XPW Item,1155.048,1698.6,United States,NewJersey,2.0,5.0,5.0,4.0,543.5519999999999,Medium Profit
S00685,10/22/18,Abdisamad A,Nature Company,WLY Item,819.2368,1204.76,United States,Pennsylvania,3.0,5.0,3.0,3.6666666666666665,385.5232,Small Profit
S00686,12/20/18,Abdisamad A,Yahoo,RLL Item,653.4715,1188.13,United States,Maine,2.0,2.0,3.0,2.3333333333333335,534.6585000000001,Medium Profit
S00687,2/22/19,Abdisamad A,Amazon.com,XAC Item,793.9068,1167.51,United States,NewHampshire,1.0,3.0,4.0,2.6666666666666665,373.6032,Small Profit
S00688,9/10/17,Abdisamad A,Solar and Wind Inc.,ALR Item,1017.92515,1088.69,United States,Vermont,3.0,4.0,3.0,3.3333333333333335,70.76485000000002,Small Profit
S00689,8/6/18,Abdisamad A,Peet's Coffee,CJN Item,540.8094,932.43,United States,Massachusetts,4.0,2.0,1.0,2.3333333333333335,391.62059999999997,Small Profit
S00690,4/5/18,Abdisamad A,Peet's Coffee,OLS Item,789.0696,896.67,United States,RhodeIsland,3.0,5.0,2.0,3.3333333333333335,107.60039999999992,Small Profit
S00691,11/22/18,Analyssa C,Costco,SXM Item,5646.1289,9569.71,United States,Connecticut,3.0,2.0,5.0,3.3333333333333335,3923.5810999999994,Large Profit
S00692,8/22/17,Analyssa C,Office Depot,KVH Item,3539.2165,9565.45,United States,NewYork,1.0,5.0,4.0,3.3333333333333335,6026.2335,Large Profit
S00693,12/14/17,Analyssa C,Peet's Coffee,FXF Item,6245.3716,9184.37,United States,NewJersey,1.0,4.0,3.0,2.6666666666666665,2938.9984000000004,Large Profit
S00694,4/4/19,Analyssa C,Yahoo,QMS Item,4973.4025,9042.55,United States,Pennsylvania,1.0,5.0,3.0,3.0,4069.147499999999,Large Profit
S00695,10/24/18,Analyssa C,Solar and Wind Inc.,YFR Item,8350.1297,8930.62,United States,Maine,3.0,4.0,1.0,2.6666666666666665,580.4903000000013,Medium Profit
S00696,8/5/17,Analyssa C,The Economist,STZ Item,3793.5288,8822.16,United States,NewHampshire,3.0,5.0,4.0,4.0,5028.6312,Large Profit
S00697,5/4/19,Analyssa C,Sherman Williams,OEH Item,7980.08475,8534.85,United States,Vermont,3.0,1.0,5.0,3.0,554.7652500000004,Medium Profit
S00698,1/24/19,Analyssa C,Google,NNA Item,7774.04815,8314.49,United States,Massachusetts,2.0,5.0,1.0,2.6666666666666665,540.4418500000002,Medium Profit
S00699,7/1/18,Analyssa C,Office Depot,CMU Item,5412.7864,7959.98,United States,RhodeIsland,3.0,2.0,2.0,2.3333333333333335,2547.1935999999996,Large Profit
S00700,4/6/18,Analyssa C,McLendon's Hardware,RUD Item,7375.15845,7887.87,United States,Connecticut,4.0,1.0,2.0,2.3333333333333335,512.71155,Medium Profit
S00701,1/19/19,Analyssa C,Amazon.com,FLK Item,5358.7672,7880.54,United States,NewYork,3.0,3.0,4.0,3.3333333333333335,2521.7727999999997,Large Profit
S00702,6/14/18,Analyssa C,McLendon's Hardware,GFC Item,4333.6535,7879.37,United States,NewJersey,5.0,5.0,4.0,4.666666666666667,3545.7164999999995,Large Profit
S00703,11/13/18,Analyssa C,Whole Foods,KNX Item,4231.4635,7693.57,United States,Pennsylvania,2.0,4.0,4.0,3.3333333333333335,3462.1065,Large Profit
S00704,4/11/19,Analyssa C,Whole Foods,BZU Item,3267.6044,7599.08,United States,Maine,4.0,3.0,4.0,3.6666666666666665,4331.4756,Large Profit
S00705,7/27/17,Analyssa C,Google,MXD Item,7078.8476,7570.96,United States,NewHampshire,1.0,5.0,1.0,2.3333333333333335,492.1124,Small Profit
S00706,10/16/18,Analyssa C,Sherman Williams,GHH Item,5137.5224,7555.18,United States,Vermont,3.0,5.0,4.0,4.0,2417.6576000000005,Large Profit
S00707,5/10/19,Analyssa C,Sherman Williams,IWV Item,4030.73,7328.6,United States,Massachusetts,1.0,3.0,1.0,1.6666666666666667,3297.8700000000003,Large Profit
S00708,3/22/18,Analyssa C,Office Depot,OOC Item,4231.2276,7295.22,United States,RhodeIsland,4.0,4.0,1.0,3.0,3063.9924,Large Profit
S00709,6/25/18,Analyssa C,Office Depot,YVZ Item,3282.3225,7294.05,United States,Connecticut,4.0,4.0,4.0,4.0,4011.7275,Large Profit
S00710,12/29/18,Analyssa C,Sherman Williams,LEO Item,3132.6833,7285.31,United States,NewYork,3.0,1.0,2.0,2.0,4152.626700000001,Large Profit
S00711,2/7/19,Analyssa C,Yahoo,GXR Item,4087.695,7047.75,United States,NewJersey,2.0,2.0,2.0,2.0,2960.055,Large Profit
S00712,8/27/18,Analyssa C,Office Depot,JZR Item,3424.916,6227.12,United States,Pennsylvania,5.0,5.0,3.0,4.333333333333333,2802.2039999999997,Large Profit
S00713,4/25/18,Analyssa C,Peet's Coffee,QVT Item,3392.0645,6167.39,United States,Maine,2.0,4.0,2.0,2.6666666666666665,2775.3255000000004,Large Profit
S00714,9/17/17,Analyssa C,Solar and Wind Inc.,GTR Item,2852.168,5185.76,United States,NewHampshire,4.0,5.0,4.0,4.333333333333333,2333.592,Large Profit
S00715,5/21/18,Analyssa C,Office Depot,UBV Item,1886.9038,5099.74,United States,Vermont,5.0,2.0,5.0,4.0,3212.8361999999997,Large Profit
S00716,7/17/18,Analyssa C,Office Depot,BRS Item,1869.8098,5053.54,United States,Massachusetts,4.0,2.0,5.0,3.6666666666666665,3183.7302,Large Profit
S00717,6/30/17,Analyssa C,The Economist,NQA Item,2705.6095,4919.29,United States,RhodeIsland,2.0,3.0,5.0,3.3333333333333335,2213.6805,Large Profit
S00718,6/14/19,Analyssa C,Costco,ZET Item,2065.113,4589.14,United States,Connecticut,3.0,2.0,2.0,2.3333333333333335,2524.0270000000005,Large Profit
S00719,10/20/18,Analyssa C,ExcelIsVeryFun.com,ZPB Item,1644.7018,4445.14,United States,NewYork,2.0,4.0,2.0,2.6666666666666665,2800.4382000000005,Large Profit
S00720,4/29/18,Analyssa C,Home Depot,GKA Item,2259.7885,3830.15,United States,NewJersey,2.0,5.0,5.0,4.0,1570.3615,Medium Profit
S00721,2/10/18,Analyssa C,Costco,ISU Item,2590.3504,2943.58,United States,Pennsylvania,5.0,4.0,2.0,3.6666666666666665,353.2296000000001,Small Profit
S00722,9/7/17,Analyssa C,Nature Company,GYK Item,1864.6688,2742.16,United States,Maine,3.0,1.0,4.0,2.6666666666666665,877.4911999999999,Medium Profit
S00723,6/25/17,Analyssa C,Peet's Coffee,BJA Item,2357.4342,2521.32,United States,NewHampshire,3.0,1.0,2.0,2.0,163.88580000000002,Small Profit
S00724,7/14/17,Analyssa C,Peet's Coffee,YID Item,1143.3482,1971.29,United States,Vermont,1.0,5.0,2.0,2.6666666666666665,827.9418000000001,Medium Profit
S00725,3/25/19,Analyssa C,Peet's Coffee,HXH Item,1044.978,1899.96,United States,Massachusetts,5.0,3.0,1.0,3.0,854.982,Medium Profit
S00726,2/25/19,Analyssa C,ExcelIsVeryFun.com,RUH Item,1315.10555,1406.53,United States,RhodeIsland,4.0,2.0,3.0,3.0,91.42444999999998,Small Profit
S00727,12/19/17,Analyssa C,Home Depot,QZJ Item,766.8992,1322.24,United States,Connecticut,3.0,5.0,2.0,3.3333333333333335,555.3408000000001,Medium Profit
S00728,6/19/17,Analyssa C,ExcelIsVeryFun.com,ZRG Item,581.0124,854.43,United States,NewYork,5.0,3.0,4.0,4.0,273.4176,Small Profit
S00729,9/8/17,Analyssa C,Yahoo,RMU Item,422.7245,768.59,United States,NewJersey,3.0,1.0,3.0,2.3333333333333335,345.86550000000005,Small Profit
S00730,5/16/19,Analyssa C,Sherman Williams,ONY Item,272.133,604.74,United States,Pennsylvania,1.0,4.0,1.0,2.0,332.607,Small Profit
S00731,1/5/19,Analyssa C,Yahoo,LVD Item,241.6575,322.21,United States,Maine,4.0,5.0,5.0,4.666666666666667,80.55249999999998,Small Profit
S00732,1/5/18,Analyssa C,Home Depot,QIF Item,219.0076,322.07,United States,NewHampshire,1.0,3.0,1.0,1.6666666666666667,103.0624,Small Profit
S00733,4/14/19,Anastasiya A,Whole Foods,NXJ Item,5822.4976,9868.64,United States,Vermont,2.0,1.0,3.0,2.0,4046.1423999999997,Large Profit
S00734,8/10/17,Anastasiya A,Home Depot,YQI Item,5710.9874,9846.53,United States,Massachusetts,5.0,5.0,5.0,5.0,4135.542600000001,Large Profit
S00735,9/23/17,Anastasiya A,Costco,PEB Item,4089.386,9510.2,United States,RhodeIsland,1.0,3.0,2.0,2.0,5420.814,Large Profit
S00736,6/15/19,Anastasiya A,Amazon.com,ZET Item,6971.4975,9295.33,United States,Connecticut,1.0,5.0,2.0,2.6666666666666665,2323.8324999999995,Large Profit
S00737,12/28/18,Anastasiya A,ExcelIsVeryFun.com,NYZ Item,6404.2725,8539.03,United States,NewYork,3.0,1.0,2.0,2.0,2134.7575000000006,Large Profit
S00738,11/25/17,Anastasiya A,Peet's Coffee,MIP Item,3066.8079,8288.67,United States,NewJersey,2.0,4.0,3.0,3.0,5221.8621,Large Profit
S00739,4/16/19,Anastasiya A,The Economist,ESO Item,6989.4616,7942.57,United States,Pennsylvania,5.0,1.0,1.0,2.3333333333333335,953.1084000000001,Medium Profit
S00740,8/1/17,Anastasiya A,ExcelIsVeryFun.com,FQM Item,5948.055,7930.74,United States,Maine,3.0,4.0,4.0,3.6666666666666665,1982.6849999999995,Medium Profit
S00741,5/26/19,Anastasiya A,Google,HFP Item,5846.415,7795.22,United States,NewHampshire,4.0,3.0,5.0,4.0,1948.8050000000003,Medium Profit
S00742,7/31/17,Anastasiya A,Home Depot,GFM Item,6526.0448,7415.96,United States,Vermont,5.0,4.0,4.0,4.333333333333333,889.9152000000004,Medium Profit
S00743,8/30/17,Anastasiya A,Sherman Williams,GBM Item,3131.6126,7282.82,United States,Massachusetts,5.0,5.0,1.0,3.6666666666666665,4151.207399999999,Large Profit
S00744,12/18/17,Anastasiya A,Home Depot,XQE Item,2692.7083,7277.59,United States,RhodeIsland,3.0,2.0,2.0,2.3333333333333335,4584.8817,Large Profit
S00745,10/23/18,Anastasiya A,The Economist,NLA Item,6467.956,6917.6,United States,Connecticut,3.0,5.0,2.0,3.3333333333333335,449.64400000000023,Small Profit
S00746,11/21/17,Anastasiya A,Whole Foods,OXF Item,2500.83,6759.0,United States,NewYork,2.0,4.0,3.0,3.0,4258.17,Large Profit
S00747,3/2/19,Anastasiya A,McLendon's Hardware,YJU Item,3802.886,6556.7,United States,NewJersey,2.0,1.0,3.0,2.0,2753.814,Large Profit
S00748,12/25/17,Anastasiya A,The Economist,WLY Item,2281.6309,6166.57,United States,Pennsylvania,5.0,4.0,2.0,3.6666666666666665,3884.9390999999996,Large Profit
S00749,4/29/18,Anastasiya A,Solar and Wind Inc.,SYA Item,2646.4608,6154.56,United States,Maine,4.0,1.0,3.0,2.6666666666666665,3508.0992000000006,Large Profit
S00750,6/10/18,Anastasiya A,Costco,IWN Item,5331.82815,5702.49,United States,NewHampshire,3.0,5.0,1.0,3.0,370.6618499999995,Small Profit
S00751,8/17/17,Anastasiya A,Yahoo,CTU Item,3740.28,4987.04,United States,Vermont,1.0,1.0,2.0,1.3333333333333333,1246.7599999999998,Medium Profit
S00752,8/23/18,Anastasiya A,Nature Company,CLP Item,2798.036,4824.2,United States,Massachusetts,5.0,5.0,4.0,4.666666666666667,2026.1639999999998,Large Profit
S00753,9/20/18,Anastasiya A,ExcelIsVeryFun.com,DSF Item,2832.6726,4801.14,United States,RhodeIsland,5.0,3.0,4.0,4.0,1968.4674000000005,Medium Profit
S00754,5/14/19,Anastasiya A,ExcelIsVeryFun.com,MBI Item,3559.26,4745.68,United States,Connecticut,2.0,5.0,1.0,2.6666666666666665,1186.42,Medium Profit
S00755,5/9/18,Anastasiya A,McLendon's Hardware,ZAP Item,2723.9468,4696.46,United States,NewYork,5.0,4.0,1.0,3.3333333333333335,1972.5131999999999,Medium Profit
S00756,3/1/18,Anastasiya A,Nature Company,KHQ Item,1679.8925,4540.25,United States,NewJersey,5.0,4.0,3.0,4.0,2860.3575,Large Profit
S00757,2/23/19,Anastasiya A,Amazon.com,KKR Item,2010.0105,4466.69,United States,Pennsylvania,5.0,5.0,4.0,4.666666666666667,2456.6794999999993,Large Profit
S00758,10/7/17,Anastasiya A,Yahoo,XLN Item,1155.0808,3121.84,United States,Maine,5.0,3.0,3.0,3.6666666666666665,1966.7592000000002,Medium Profit
S00759,9/6/17,Anastasiya A,Amazon.com,JHF Item,1823.277,3090.3,United States,NewHampshire,5.0,1.0,3.0,3.0,1267.0230000000001,Medium Profit
S00760,9/20/17,Anastasiya A,Yahoo,FZD Item,2081.2875,2775.05,United States,Vermont,5.0,3.0,2.0,3.3333333333333335,693.7625000000003,Medium Profit
S00761,4/15/18,Anastasiya A,Nature Company,YCM Item,2393.1864,2719.53,United States,Massachusetts,2.0,5.0,3.0,3.3333333333333335,326.34360000000015,Small Profit
S00762,6/9/19,Anastasiya A,Google,HFJ Item,1381.676,2382.2,United States,RhodeIsland,2.0,4.0,2.0,2.6666666666666665,1000.5239999999999,Medium Profit
S00763,3/22/18,Anastasiya A,Whole Foods,ZUU Item,1371.7087,2324.93,United States,Connecticut,2.0,3.0,5.0,3.3333333333333335,953.2212999999999,Medium Profit
S00764,1/23/18,Anastasiya A,Google,SHF Item,1700.5384,1932.43,United States,NewYork,3.0,5.0,2.0,3.3333333333333335,231.89160000000015,Small Profit
S00765,5/4/18,Anastasiya A,Nature Company,WVD Item,1018.347,1851.54,United States,NewJersey,4.0,5.0,3.0,4.0,833.193,Medium Profit
S00766,10/28/17,Anastasiya A,Peet's Coffee,YOD Item,1701.0268,1819.28,United States,Pennsylvania,4.0,2.0,5.0,3.6666666666666665,118.25319999999988,Small Profit
S00767,3/8/19,Anastasiya A,Solar and Wind Inc.,MMT Item,975.7385,1774.07,United States,Maine,1.0,1.0,3.0,1.6666666666666667,798.3314999999999,Medium Profit
S00768,6/1/19,Anastasiya A,Office Depot,EKD Item,1276.155,1701.54,United States,NewHampshire,3.0,3.0,1.0,2.3333333333333335,425.385,Small Profit
S00769,10/5/17,Anastasiya A,Home Depot,PFM Item,851.5275,1135.37,United States,Vermont,3.0,3.0,3.0,3.0,283.84249999999986,Small Profit
S00770,3/31/19,Anastasiya A,Home Depot,GSJ Item,714.1564,1050.23,United States,Massachusetts,4.0,1.0,5.0,3.3333333333333335,336.07360000000006,Small Profit
S00771,12/24/17,Anastasiya A,The Economist,BFQ Item,435.4008,1012.56,United States,RhodeIsland,5.0,3.0,2.0,3.3333333333333335,577.1591999999999,Medium Profit
S00772,3/3/19,Anastasiya A,The Economist,WUG Item,428.1212,738.14,United States,Connecticut,1.0,4.0,3.0,2.6666666666666665,310.0188,Small Profit
S00773,1/6/19,Anastasiya A,Office Depot,BWK Item,124.4595,226.29,United States,NewYork,2.0,1.0,1.0,1.3333333333333333,101.83049999999999,Small Profit
S00774,3/20/19,Anastasiya A,The Economist,BVK Item,86.1591,200.37,United States,NewJersey,5.0,1.0,3.0,3.0,114.21090000000001,Small Profit
S00775,3/14/18,Barbara C,Nature Company,AHM Item,5525.3874,9526.53,United States,Pennsylvania,5.0,2.0,5.0,4.0,4001.142600000001,Large Profit
S00776,10/7/17,Barbara C,Home Depot,NSZ Item,3454.6789,9336.97,United States,Maine,1.0,2.0,1.0,1.3333333333333333,5882.2910999999995,Large Profit
S00777,1/26/19,Barbara C,Home Depot,HPV Item,6225.6312,9155.34,United States,NewHampshire,1.0,3.0,4.0,2.6666666666666665,2929.7088000000003,Large Profit
S00778,12/17/17,Barbara C,Yahoo,ICX Item,4085.4915,9078.87,United States,Vermont,5.0,4.0,1.0,3.3333333333333335,4993.378500000001,Large Profit
S00779,10/2/18,Barbara C,Solar and Wind Inc.,NXT Item,7832.0792,8900.09,United States,Massachusetts,3.0,2.0,4.0,3.0,1068.0108,Medium Profit
S00780,8/15/18,Barbara C,Google,QUZ Item,3745.9923,8711.61,United States,RhodeIsland,2.0,1.0,3.0,2.0,4965.617700000001,Large Profit
S00781,4/12/19,Barbara C,Amazon.com,GXO Item,4866.6002,8390.69,United States,Connecticut,4.0,5.0,4.0,4.333333333333333,3524.0898000000007,Large Profit
S00782,7/9/17,Barbara C,Home Depot,MGK Item,3034.3885,8201.05,United States,NewYork,5.0,3.0,4.0,4.0,5166.661499999999,Large Profit
S00783,8/28/18,Barbara C,Amazon.com,HUM Item,5503.7976,8093.82,United States,NewJersey,5.0,5.0,4.0,4.666666666666667,2590.0224,Large Profit
S00784,4/17/18,Barbara C,Google,WBL Item,4714.631,7990.9,United States,Pennsylvania,4.0,2.0,5.0,3.6666666666666665,3276.2689999999993,Large Profit
S00785,9/1/17,Barbara C,Home Depot,JJX Item,5018.3728,7379.96,United States,Maine,5.0,2.0,3.0,3.3333333333333335,2361.5872,Large Profit
S00786,2/18/19,Barbara C,Sherman Williams,UHW Item,6112.90845,6537.87,United States,NewHampshire,2.0,4.0,2.0,2.6666666666666665,424.96155,Small Profit
S00787,7/26/18,Barbara C,Google,ADC Item,3562.196,6476.72,United States,Vermont,4.0,2.0,1.0,2.3333333333333335,2914.5240000000003,Large Profit
S00788,5/18/18,Barbara C,Office Depot,PAY Item,3795.6057,6433.23,United States,Massachusetts,4.0,5.0,2.0,3.6666666666666665,2637.6242999999995,Large Profit
S00789,12/4/18,Barbara C,Peet's Coffee,RRO Item,5053.60955,5404.93,United States,RhodeIsland,1.0,4.0,3.0,2.6666666666666665,351.32045000000016,Small Profit
S00790,11/24/17,Barbara C,Amazon.com,YJF Item,3068.3972,5290.34,United States,Connecticut,1.0,4.0,2.0,2.3333333333333335,2221.9428000000003,Large Profit
S00791,5/10/19,Barbara C,Whole Foods,FPN Item,1855.4205,5014.65,United States,NewYork,2.0,1.0,3.0,2.0,3159.2294999999995,Large Profit
S00792,12/11/17,Barbara C,Whole Foods,NEU Item,4424.61635,4732.21,United States,NewJersey,1.0,2.0,2.0,1.6666666666666667,307.5936499999998,Small Profit
S00793,9/6/18,Barbara C,Peet's Coffee,MQK Item,1421.2145,3305.15,United States,Pennsylvania,5.0,4.0,5.0,4.666666666666667,1883.9355,Medium Profit
S00794,12/18/17,Barbara C,Google,NBZ Item,1826.6172,3149.34,United States,Maine,2.0,3.0,1.0,2.0,1322.7228000000002,Medium Profit
S00795,2/17/19,Barbara C,Amazon.com,LRX Item,1350.063,3000.14,United States,NewHampshire,1.0,1.0,2.0,1.3333333333333333,1650.0769999999998,Medium Profit
S00796,8/16/18,Barbara C,Amazon.com,PTJ Item,1384.196,2516.72,United States,Vermont,2.0,1.0,4.0,2.3333333333333335,1132.524,Medium Profit
S00797,12/14/18,Barbara C,Amazon.com,SVF Item,947.6383,2203.81,United States,Massachusetts,5.0,3.0,5.0,4.333333333333333,1256.1716999999999,Medium Profit
S00798,6/24/17,Barbara C,Whole Foods,TMT Item,1860.82765,1990.19,United States,RhodeIsland,4.0,4.0,1.0,3.0,129.3623500000001,Small Profit
S00799,6/8/18,Barbara C,Whole Foods,BNY Item,1030.26,1873.2,United States,Connecticut,1.0,5.0,2.0,2.6666666666666665,842.94,Medium Profit
S00800,4/23/18,Barbara C,Amazon.com,XQQ Item,406.7085,739.47,United States,NewYork,1.0,2.0,1.0,1.3333333333333333,332.7615,Small Profit
S00801,11/3/17,Barbara C,Yahoo,LUR Item,462.1008,679.56,United States,NewJersey,3.0,4.0,3.0,3.3333333333333335,217.45919999999995,Small Profit
S00802,7/8/18,Barbara C,Solar and Wind Inc.,NCT Item,365.057,663.74,United States,Pennsylvania,3.0,3.0,2.0,2.6666666666666665,298.683,Small Profit
S00803,12/29/18,Barbara C,Whole Foods,FZS Item,359.2636,619.42,United States,Maine,5.0,5.0,1.0,3.6666666666666665,260.15639999999996,Small Profit
S00804,8/10/18,Barbara C,Google,RBW Item,346.7184,509.88,United States,NewHampshire,2.0,5.0,1.0,2.6666666666666665,163.16160000000002,Small Profit
S00805,8/10/17,Barbara C,Peet's Coffee,WWQ Item,169.1525,307.55,United States,Vermont,3.0,4.0,4.0,3.6666666666666665,138.3975,Small Profit
S00806,3/8/19,Barbara C,Whole Foods,XOS Item,218.2725,291.03,United States,Massachusetts,4.0,4.0,1.0,3.0,72.75749999999996,Small Profit
S00807,4/23/18,Catherine W,Home Depot,ZQR Item,3671.8541,9923.93,United States,RhodeIsland,4.0,5.0,2.0,3.6666666666666665,6252.0759,Large Profit
S00808,5/17/19,Catherine W,Sherman Williams,TUV Item,5365.173,9754.86,United States,Connecticut,3.0,2.0,1.0,2.0,4389.687000000001,Large Profit
S00809,2/15/18,Catherine W,ExcelIsVeryFun.com,BAR Item,5537.9406,9386.34,United States,NewYork,2.0,1.0,2.0,1.6666666666666667,3848.3994000000002,Large Profit
S00810,1/4/18,Catherine W,Amazon.com,MQU Item,3692.1176,8586.32,United States,NewJersey,1.0,4.0,2.0,2.3333333333333335,4894.2024,Large Profit
S00811,4/14/18,Catherine W,Nature Company,OBJ Item,7994.1378,8549.88,United States,Pennsylvania,1.0,1.0,1.0,1.0,555.7421999999988,Medium Profit
S00812,8/1/17,Catherine W,Yahoo,MOQ Item,4595.206,8354.92,United States,Maine,3.0,1.0,3.0,2.3333333333333335,3759.714,Large Profit
S00813,12/31/18,Catherine W,Google,YLN Item,6969.4713,7453.98,United States,NewHampshire,5.0,1.0,3.0,3.0,484.5086999999994,Small Profit
S00814,5/11/18,Catherine W,Sherman Williams,RVY Item,6236.3576,7086.77,United States,Vermont,2.0,2.0,2.0,2.0,850.4124000000002,Medium Profit
S00815,8/16/18,Catherine W,The Economist,MKI Item,4670.8316,6868.87,United States,Massachusetts,5.0,2.0,2.0,3.0,2198.0383999999995,Large Profit
S00816,10/31/17,Catherine W,Amazon.com,YZE Item,3592.006,6530.92,United States,RhodeIsland,3.0,4.0,5.0,4.0,2938.914,Large Profit
S00817,3/1/18,Catherine W,Home Depot,AUW Item,2741.958,6093.24,United States,Connecticut,1.0,4.0,5.0,3.3333333333333335,3351.2819999999997,Large Profit
S00818,1/11/18,Catherine W,Nature Company,PBH Item,5217.1856,5928.62,United States,NewYork,1.0,3.0,2.0,2.0,711.4344000000001,Medium Profit
S00819,4/30/18,Catherine W,Solar and Wind Inc.,HJD Item,5032.5627,5382.42,United States,NewJersey,1.0,3.0,2.0,2.0,349.85729999999967,Small Profit
S00820,6/17/17,Catherine W,Whole Foods,TPR Item,2181.24,4847.2,United States,Pennsylvania,1.0,5.0,1.0,2.3333333333333335,2665.96,Large Profit
S00821,5/1/19,Catherine W,Home Depot,STH Item,2081.3032,4840.24,United States,Maine,4.0,2.0,4.0,3.3333333333333335,2758.9368,Large Profit
S00822,7/31/17,Catherine W,Sherman Williams,TPW Item,2830.6725,4797.75,United States,NewHampshire,1.0,3.0,4.0,2.6666666666666665,1967.0774999999999,Medium Profit
S00823,3/16/18,Catherine W,The Economist,RYS Item,4446.2055,4755.3,United States,Vermont,1.0,5.0,5.0,3.6666666666666665,309.09450000000015,Small Profit
S00824,4/5/18,Catherine W,Nature Company,HLL Item,4007.9864,4554.53,United States,Massachusetts,5.0,5.0,1.0,3.6666666666666665,546.5436,Medium Profit
S00825,7/1/17,Catherine W,ExcelIsVeryFun.com,UTO Item,2656.3393,4502.27,United States,RhodeIsland,4.0,5.0,3.0,4.0,1845.9307000000003,Medium Profit
S00826,2/17/18,Catherine W,Solar and Wind Inc.,LVN Item,2045.5123,3466.97,United States,Connecticut,5.0,2.0,2.0,3.0,1421.4576999999997,Medium Profit
S00827,9/14/17,Catherine W,Office Depot,GOZ Item,3229.116,3453.6,United States,NewYork,3.0,5.0,1.0,3.0,224.48399999999992,Small Profit
S00828,12/22/18,Catherine W,Nature Company,NXU Item,2974.30045,3181.07,United States,NewJersey,3.0,2.0,2.0,2.3333333333333335,206.76954999999998,Small Profit
S00829,4/30/19,Catherine W,Yahoo,IAJ Item,2796.4024,3177.73,United States,Pennsylvania,2.0,5.0,1.0,2.6666666666666665,381.3276000000001,Small Profit
S00830,3/2/19,Catherine W,Nature Company,JHA Item,2779.3623,2972.58,United States,Maine,4.0,5.0,1.0,3.3333333333333335,193.21770000000015,Small Profit
S00831,6/19/18,Catherine W,Google,HZK Item,1255.9913,2920.91,United States,NewHampshire,2.0,1.0,3.0,2.0,1664.9187,Medium Profit
S00832,4/7/19,Catherine W,Amazon.com,PZY Item,1664.5014,2869.83,United States,Vermont,5.0,4.0,1.0,3.3333333333333335,1205.3285999999998,Medium Profit
S00833,12/17/18,Catherine W,Costco,WWD Item,1528.835,2779.7,United States,Massachusetts,3.0,4.0,2.0,3.0,1250.8649999999998,Medium Profit
S00834,10/17/18,Catherine W,Nature Company,NYN Item,2487.8293,2660.78,United States,RhodeIsland,4.0,4.0,5.0,4.333333333333333,172.95070000000032,Small Profit
S00835,5/25/18,Catherine W,Peet's Coffee,KBP Item,1310.3708,2259.26,United States,Connecticut,1.0,4.0,2.0,2.3333333333333335,948.8892000000003,Medium Profit
S00836,9/3/18,Catherine W,Office Depot,SYU Item,986.931,2193.18,United States,NewYork,2.0,2.0,4.0,2.6666666666666665,1206.2489999999998,Medium Profit
S00837,9/12/18,Catherine W,McLendon's Hardware,XAX Item,974.2635,2165.03,United States,NewJersey,3.0,5.0,3.0,3.6666666666666665,1190.7665000000002,Medium Profit
S00838,6/10/18,Catherine W,Sherman Williams,ZKE Item,1619.6175,2159.49,United States,Pennsylvania,3.0,5.0,3.0,3.6666666666666665,539.8724999999997,Medium Profit
S00839,8/4/17,Catherine W,Nature Company,HQT Item,839.187,1864.86,United States,Maine,4.0,5.0,5.0,4.666666666666667,1025.6729999999998,Medium Profit
S00840,9/3/18,Catherine W,The Economist,GOB Item,610.137,1355.86,United States,NewHampshire,5.0,1.0,3.0,3.0,745.723,Medium Profit
S00841,5/19/18,Catherine W,Google,POE Item,589.887,1310.86,United States,Vermont,4.0,1.0,5.0,3.3333333333333335,720.973,Medium Profit
S00842,7/22/17,Catherine W,The Economist,KSG Item,649.5005,1180.91,United States,Massachusetts,3.0,4.0,1.0,2.6666666666666665,531.4095000000001,Medium Profit
S00843,1/20/19,Catherine W,Peet's Coffee,KFL Item,871.2176,990.02,United States,RhodeIsland,1.0,2.0,5.0,2.6666666666666665,118.80240000000003,Small Profit
S00844,7/24/17,Catherine W,Whole Foods,IIA Item,660.7575,881.01,United States,Connecticut,3.0,1.0,5.0,3.0,220.25249999999994,Small Profit
S00845,7/25/17,Cherry M,Amazon.com,MYN Item,4488.714,9974.92,United States,NewYork,2.0,4.0,4.0,3.3333333333333335,5486.206,Large Profit
S00846,11/1/17,Cherry M,Amazon.com,EAJ Item,3679.8239,9945.47,United States,NewJersey,5.0,3.0,3.0,3.6666666666666665,6265.6461,Large Profit
S00847,7/18/17,Cherry M,Office Depot,WCT Item,5438.6365,9888.43,United States,Pennsylvania,2.0,3.0,4.0,3.0,4449.793500000001,Large Profit
S00848,6/24/17,Cherry M,McLendon's Hardware,CTT Item,4968.8375,9034.25,United States,Maine,5.0,4.0,5.0,4.666666666666667,4065.4125000000004,Large Profit
S00849,9/6/17,Cherry M,Google,XGP Item,4774.7205,8681.31,United States,NewHampshire,2.0,2.0,3.0,2.3333333333333335,3906.589499999999,Large Profit
S00850,3/6/19,Cherry M,Solar and Wind Inc.,JMV Item,7657.3321,8189.66,United States,Vermont,3.0,1.0,3.0,2.3333333333333335,532.3279000000002,Medium Profit
S00851,2/12/19,Cherry M,McLendon's Hardware,JXF Item,5925.915,7901.22,United States,Massachusetts,2.0,5.0,3.0,3.3333333333333335,1975.3050000000003,Medium Profit
S00852,4/12/18,Cherry M,Home Depot,MQP Item,4296.4138,7407.61,United States,RhodeIsland,2.0,2.0,3.0,2.3333333333333335,3111.1961999999994,Large Profit
S00853,2/25/19,Cherry M,Google,KAP Item,4071.8319,6901.41,United States,Connecticut,1.0,2.0,4.0,2.3333333333333335,2829.5780999999997,Large Profit
S00854,8/16/17,Cherry M,Peet's Coffee,DOR Item,5014.3632,5698.14,United States,NewYork,2.0,1.0,2.0,1.6666666666666667,683.7768000000005,Medium Profit
S00855,11/23/18,Cherry M,ExcelIsVeryFun.com,QQJ Item,3256.9668,5615.46,United States,NewJersey,5.0,4.0,5.0,4.666666666666667,2358.4932,Large Profit
S00856,12/11/18,Cherry M,Home Depot,WPD Item,3140.5782,5414.79,United States,Pennsylvania,4.0,4.0,3.0,3.6666666666666665,2274.2118,Large Profit
S00857,5/1/19,Cherry M,ExcelIsVeryFun.com,HJR Item,3084.0746,5317.37,United States,Maine,5.0,2.0,1.0,2.6666666666666665,2233.2954,Large Profit
S00858,1/31/18,Cherry M,Nature Company,WPR Item,3331.048,4898.6,United States,NewHampshire,3.0,4.0,5.0,4.0,1567.5520000000006,Medium Profit
S00859,3/26/19,Cherry M,Costco,OEI Item,1619.5635,3599.03,United States,Vermont,3.0,3.0,1.0,2.3333333333333335,1979.4665000000002,Medium Profit
S00860,6/14/19,Cherry M,Peet's Coffee,EJL Item,2315.434,3405.05,United States,Massachusetts,1.0,1.0,5.0,2.3333333333333335,1089.616,Medium Profit
S00861,3/19/18,Cherry M,Google,ELH Item,1911.2775,2548.37,United States,RhodeIsland,2.0,1.0,2.0,1.6666666666666667,637.0925,Medium Profit
S00862,4/9/19,Cherry M,Home Depot,JMN Item,1786.3472,2029.94,United States,Connecticut,4.0,2.0,5.0,3.6666666666666665,243.59280000000012,Small Profit
S00863,12/14/18,Cherry M,Costco,GYO Item,1066.285,1938.7,United States,NewYork,3.0,1.0,1.0,1.6666666666666667,872.415,Medium Profit
S00864,7/2/17,Cherry M,Sherman Williams,OYO Item,836.176,1520.32,United States,NewJersey,1.0,1.0,5.0,2.3333333333333335,684.1439999999999,Medium Profit
S00865,7/13/17,Cherry M,Home Depot,FYP Item,690.3334,1190.23,United States,Pennsylvania,1.0,4.0,3.0,2.6666666666666665,499.89660000000003,Small Profit
S00866,3/29/19,Cherry M,McLendon's Hardware,BYN Item,525.5612,906.14,United States,Maine,3.0,3.0,5.0,3.6666666666666665,380.5788,Small Profit
S00867,1/17/19,Cherry M,The Economist,GAK Item,345.5158,585.62,United States,NewHampshire,5.0,4.0,4.0,4.333333333333333,240.1042,Small Profit
S00868,1/1/19,Cherry M,Google,ZDE Item,429.2175,572.29,United States,Vermont,5.0,5.0,1.0,3.6666666666666665,143.0725,Small Profit
S00869,3/23/18,Cherry M,ExcelIsVeryFun.com,BBM Item,522.44995,558.77,United States,Massachusetts,5.0,1.0,3.0,3.0,36.32005000000004,Small Profit
S00870,1/18/18,Cherry M,McLendon's Hardware,ZDE Item,404.3025,539.07,United States,RhodeIsland,4.0,5.0,2.0,3.6666666666666665,134.76750000000004,Small Profit
S00871,4/19/18,Cherry M,Peet's Coffee,CLP Item,231.826,399.7,United States,Connecticut,4.0,5.0,5.0,4.666666666666667,167.874,Small Profit
S00872,1/5/19,Cherry M,Costco,URE Item,122.8216,131.36,United States,NewYork,3.0,4.0,1.0,2.6666666666666665,8.53840000000001,Small Profit
S00873,2/13/19,Dan,Yahoo,XDA Item,4096.3993,9526.51,United States,NewJersey,4.0,5.0,2.0,3.6666666666666665,5430.1107,Large Profit
S00874,11/2/18,Dan,Sherman Williams,PXY Item,8071.50905,8632.63,United States,Pennsylvania,4.0,5.0,4.0,4.333333333333333,561.1209499999995,Medium Profit
S00875,11/12/17,Dan,Amazon.com,TWG Item,6395.6775,8527.57,United States,Maine,5.0,5.0,3.0,4.333333333333333,2131.8925,Large Profit
S00876,10/10/17,Dan,Whole Foods,NCR Item,6162.915,8217.22,United States,NewHampshire,1.0,4.0,5.0,3.3333333333333335,2054.3049999999994,Large Profit
S00877,9/8/18,Dan,Solar and Wind Inc.,PZG Item,4463.1966,7564.74,United States,Vermont,5.0,1.0,5.0,3.6666666666666665,3101.5433999999996,Large Profit
S00878,3/4/19,Dan,ExcelIsVeryFun.com,OBP Item,5659.935,7546.58,United States,Massachusetts,2.0,3.0,5.0,3.3333333333333335,1886.6449999999995,Medium Profit
S00879,12/29/17,Dan,Amazon.com,FVR Item,3325.6755,7390.39,United States,RhodeIsland,5.0,3.0,1.0,3.0,4064.7145000000005,Large Profit
S00880,11/30/17,Dan,Yahoo,UMJ Item,6499.43745,6951.27,United States,Connecticut,4.0,1.0,2.0,2.3333333333333335,451.8325500000001,Small Profit
S00881,9/20/17,Dan,Sherman Williams,DWZ Item,6055.1832,6880.89,United States,NewYork,1.0,1.0,3.0,1.6666666666666667,825.7067999999999,Medium Profit
S00882,4/14/19,Dan,Whole Foods,PVI Item,6416.83955,6862.93,United States,NewJersey,2.0,2.0,3.0,2.3333333333333335,446.0904500000006,Small Profit
S00883,3/15/19,Dan,Amazon.com,UZF Item,5948.1664,6759.28,United States,Pennsylvania,1.0,5.0,5.0,3.6666666666666665,811.1135999999997,Medium Profit
S00884,6/16/18,Dan,Office Depot,IKV Item,4949.535,6599.38,United States,Maine,1.0,4.0,2.0,2.3333333333333335,1649.8450000000003,Medium Profit
S00885,6/26/17,Dan,Yahoo,BRH Item,3712.2151,6291.89,United States,NewHampshire,2.0,2.0,2.0,2.0,2579.6749000000004,Large Profit
S00886,11/7/17,Dan,Yahoo,PUJ Item,3407.4755,6195.41,United States,Vermont,5.0,3.0,3.0,3.6666666666666665,2787.9345,Large Profit
S00887,12/26/18,Dan,Nature Company,EMO Item,5533.4048,5918.08,United States,Massachusetts,4.0,3.0,5.0,4.0,384.6751999999997,Small Profit
S00888,1/12/18,Dan,Yahoo,ONK Item,2647.8405,5884.09,United States,RhodeIsland,4.0,3.0,4.0,3.6666666666666665,3236.2495000000004,Large Profit
S00889,8/16/17,Dan,Google,NNF Item,4345.56,5794.08,United States,Connecticut,1.0,4.0,2.0,2.3333333333333335,1448.5199999999995,Medium Profit
S00890,9/5/18,Dan,Home Depot,ALH Item,3209.3817,5439.63,United States,NewYork,2.0,2.0,1.0,1.6666666666666667,2230.2483,Large Profit
S00891,5/3/19,Dan,Whole Foods,GPA Item,4846.95585,5183.91,United States,NewJersey,2.0,1.0,1.0,1.3333333333333333,336.9541499999996,Small Profit
S00892,11/24/18,Dan,Office Depot,CPL Item,2959.0962,5101.89,United States,Pennsylvania,3.0,1.0,1.0,1.6666666666666667,2142.7938000000004,Large Profit
S00893,10/14/17,Dan,Nature Company,TIN Item,4442.5744,5048.38,United States,Maine,3.0,4.0,2.0,3.0,605.8055999999997,Medium Profit
S00894,11/26/17,Dan,Office Depot,PAR Item,3950.3464,4489.03,United States,NewHampshire,2.0,1.0,4.0,2.3333333333333335,538.6835999999998,Medium Profit
S00895,3/31/18,Dan,Amazon.com,VUJ Item,1762.2389,4098.23,United States,Vermont,3.0,3.0,2.0,2.6666666666666665,2335.9910999999993,Large Profit
S00896,10/15/17,Dan,Amazon.com,YPH Item,2648.9625,3531.95,United States,Massachusetts,1.0,3.0,4.0,2.6666666666666665,882.9874999999997,Medium Profit
S00897,12/5/17,Dan,ExcelIsVeryFun.com,VMX Item,2498.985,3331.98,United States,RhodeIsland,3.0,1.0,1.0,1.6666666666666667,832.9949999999999,Medium Profit
S00898,1/22/19,Dan,Solar and Wind Inc.,KFK Item,1334.4362,3103.34,United States,Connecticut,1.0,5.0,3.0,3.0,1768.9038,Medium Profit
S00899,9/1/18,Dan,The Economist,SGX Item,1617.1848,1837.71,United States,NewYork,4.0,2.0,5.0,3.6666666666666665,220.52520000000004,Small Profit
S00900,4/7/19,Dan,Nature Company,ASS Item,913.3028,1574.66,United States,NewJersey,1.0,4.0,4.0,3.0,661.3572,Medium Profit
S00901,10/23/17,Dan,Whole Foods,GHZ Item,564.322,1026.04,United States,Pennsylvania,2.0,2.0,5.0,3.0,461.71799999999996,Small Profit
S00902,11/9/18,Dan,Google,TTM Item,203.685,271.58,United States,Maine,5.0,1.0,3.0,3.0,67.89499999999998,Small Profit
S00903,3/16/19,Dana L,Google,APF Item,9007.05135,9633.21,United States,NewHampshire,1.0,4.0,2.0,2.3333333333333335,626.1586499999994,Medium Profit
S00904,2/16/18,Dana L,Sherman Williams,JZO Item,6575.61,8767.48,United States,Vermont,2.0,4.0,2.0,2.6666666666666665,2191.87,Large Profit
S00905,7/11/18,Dana L,Costco,QXS Item,5096.538,8638.2,United States,Massachusetts,4.0,1.0,2.0,2.3333333333333335,3541.662000000001,Large Profit
S00906,2/8/19,Dana L,Nature Company,YBX Item,2764.6918,7472.14,United States,RhodeIsland,3.0,4.0,5.0,4.0,4707.448200000001,Large Profit
S00907,4/25/19,Dana L,ExcelIsVeryFun.com,SHL Item,3342.258,7427.24,United States,Connecticut,2.0,4.0,3.0,3.0,4084.982,Large Profit
S00908,9/18/18,Dana L,Google,LIP Item,3338.9505,7419.89,United States,NewYork,3.0,4.0,5.0,4.0,4080.9395000000004,Large Profit
S00909,1/10/18,Dana L,Google,HEU Item,4120.4361,6983.79,United States,NewJersey,1.0,3.0,4.0,2.6666666666666665,2863.3539,Large Profit
S00910,6/6/19,Dana L,ExcelIsVeryFun.com,VNM Item,5231.1225,6974.83,United States,Pennsylvania,5.0,3.0,4.0,4.0,1743.7074999999995,Medium Profit
S00911,8/30/17,Dana L,Yahoo,CHZ Item,3366.8195,6121.49,United States,Maine,2.0,3.0,5.0,3.3333333333333335,2754.6704999999997,Large Profit
S00912,9/5/17,Dana L,Amazon.com,OXX Item,3313.2715,6024.13,United States,NewHampshire,1.0,3.0,2.0,2.0,2710.8585000000003,Large Profit
S00913,7/7/18,Dana L,Whole Foods,PTX Item,1964.0377,5308.21,United States,Vermont,1.0,2.0,3.0,2.0,3344.1723,Large Profit
S00914,1/20/19,Dana L,Nature Company,NEE Item,2790.6526,4811.47,United States,Massachusetts,2.0,2.0,5.0,3.0,2020.8174000000004,Large Profit
S00915,5/2/19,Dana L,Google,KKL Item,1775.075,4797.5,United States,RhodeIsland,5.0,4.0,5.0,4.666666666666667,3022.425,Large Profit
S00916,12/7/17,Dana L,McLendon's Hardware,GIH Item,4485.4381,4797.26,United States,Connecticut,4.0,2.0,2.0,2.6666666666666665,311.8218999999999,Small Profit
S00917,5/22/19,Dana L,Nature Company,PAB Item,2827.516,4792.4,United States,NewYork,4.0,4.0,5.0,4.333333333333333,1964.8839999999996,Medium Profit
S00918,6/28/17,Dana L,McLendon's Hardware,VNZ Item,2043.5578,4752.46,United States,NewJersey,4.0,3.0,2.0,3.0,2708.9022,Large Profit
S00919,12/22/17,Dana L,McLendon's Hardware,QKI Item,3654.4376,4152.77,United States,Pennsylvania,2.0,5.0,4.0,3.6666666666666665,498.33240000000023,Small Profit
S00920,10/17/17,Dana L,Google,ZCV Item,3852.9106,4120.76,United States,Maine,3.0,3.0,4.0,3.3333333333333335,267.84940000000006,Small Profit
S00921,5/21/19,Dana L,Home Depot,OSP Item,3569.8872,4056.69,United States,NewHampshire,5.0,4.0,4.0,4.333333333333333,486.80279999999993,Small Profit
S00922,1/21/18,Dana L,Office Depot,NSA Item,1476.2889,3989.97,United States,Vermont,1.0,1.0,5.0,2.3333333333333335,2513.6811,Large Profit
S00923,7/29/18,Dana L,McLendon's Hardware,JUB Item,2259.477,3895.65,United States,Massachusetts,1.0,2.0,3.0,2.0,1636.1730000000002,Medium Profit
S00924,11/3/18,Dana L,Nature Company,KQH Item,1380.9066,3732.18,United States,RhodeIsland,2.0,4.0,4.0,3.3333333333333335,2351.2734,Large Profit
S00925,1/14/18,Dana L,The Economist,LQV Item,3241.4206,3466.76,United States,Connecticut,1.0,5.0,2.0,2.6666666666666665,225.3394000000003,Small Profit
S00926,1/22/19,Dana L,McLendon's Hardware,EQL Item,1385.8965,3079.77,United States,NewYork,5.0,3.0,4.0,4.0,1693.8735,Medium Profit
S00927,9/19/17,Dana L,Google,FIL Item,2145.6072,2438.19,United States,NewJersey,4.0,3.0,5.0,4.0,292.58280000000013,Small Profit
S00928,2/20/19,Dana L,Yahoo,SQA Item,1003.5074,1700.86,United States,Pennsylvania,3.0,2.0,4.0,3.0,697.3525999999999,Medium Profit
S00929,8/6/18,Dana L,Nature Company,EZU Item,607.6486,1047.67,United States,Maine,1.0,2.0,3.0,2.0,440.0214000000001,Small Profit
S00930,3/21/18,Dana L,McLendon's Hardware,BFH Item,260.964,579.92,United States,NewHampshire,2.0,2.0,2.0,2.0,318.95599999999996,Small Profit
S00931,7/4/17,Daniil N,Solar and Wind Inc.,LWM Item,8787.6272,9985.94,United States,Vermont,5.0,2.0,3.0,3.3333333333333335,1198.3127999999997,Medium Profit
S00932,7/16/17,Daniil N,Nature Company,ESJ Item,5269.946,9581.72,United States,Massachusetts,3.0,3.0,5.0,3.6666666666666665,4311.773999999999,Large Profit
S00933,3/23/19,Daniil N,Office Depot,HQY Item,5256.5047,8909.33,United States,RhodeIsland,3.0,4.0,3.0,3.3333333333333335,3652.8252999999995,Large Profit
S00934,12/19/17,Daniil N,Sherman Williams,MCE Item,3906.0225,8680.05,United States,Connecticut,1.0,1.0,3.0,1.6666666666666667,4774.027499999999,Large Profit
S00935,6/17/17,Daniil N,Office Depot,MBP Item,5773.2,8490.0,United States,NewYork,2.0,1.0,2.0,1.6666666666666667,2716.8,Large Profit
S00936,10/20/17,Daniil N,Office Depot,VLP Item,6882.568,7821.1,United States,NewJersey,5.0,5.0,5.0,5.0,938.5320000000002,Medium Profit
S00937,6/26/18,Daniil N,Sherman Williams,NGB Item,6849.3216,7783.32,United States,Pennsylvania,1.0,3.0,2.0,2.0,933.9983999999995,Medium Profit
S00938,8/11/17,Daniil N,Office Depot,VJU Item,4044.8705,7354.31,United States,Maine,3.0,1.0,1.0,1.6666666666666667,3309.4395000000004,Large Profit
S00939,10/9/17,Daniil N,Yahoo,DKM Item,5385.81,7181.08,United States,NewHampshire,5.0,1.0,3.0,3.0,1795.2699999999995,Medium Profit
S00940,2/14/19,Daniil N,Peet's Coffee,LOP Item,4800.8884,7060.13,United States,Vermont,1.0,5.0,4.0,3.3333333333333335,2259.2416000000003,Large Profit
S00941,1/27/18,Daniil N,Nature Company,LTK Item,4695.7468,6905.51,United States,Massachusetts,5.0,5.0,2.0,4.0,2209.7632000000003,Large Profit
S00942,1/30/18,Daniil N,Nature Company,DBT Item,5989.4824,6806.23,United States,RhodeIsland,2.0,1.0,4.0,2.3333333333333335,816.7475999999997,Medium Profit
S00943,1/14/18,Daniil N,Peet's Coffee,XNY Item,2876.2098,6688.86,United States,Connecticut,2.0,5.0,5.0,4.0,3812.6501999999996,Large Profit
S00944,9/13/18,Daniil N,McLendon's Hardware,HUO Item,2306.5689,6233.97,United States,NewYork,3.0,5.0,3.0,3.6666666666666665,3927.4011,Large Profit
S00945,6/12/19,Daniil N,Peet's Coffee,SKM Item,2292.2225,5330.75,United States,NewJersey,1.0,4.0,4.0,3.0,3038.5275,Large Profit
S00946,7/9/17,Daniil N,ExcelIsVeryFun.com,FWA Item,3273.2656,3719.62,United States,Pennsylvania,1.0,1.0,3.0,1.6666666666666667,446.3543999999997,Small Profit
S00947,3/23/19,Daniil N,Nature Company,QPC Item,1283.2636,3468.28,United States,Maine,1.0,2.0,1.0,1.3333333333333333,2185.0164000000004,Large Profit
S00948,6/26/18,Daniil N,ExcelIsVeryFun.com,NCN Item,1522.3185,3382.93,United States,NewHampshire,3.0,4.0,5.0,4.0,1860.6114999999998,Medium Profit
S00949,7/25/18,Daniil N,Nature Company,KRU Item,1394.7222,3243.54,United States,Vermont,4.0,5.0,5.0,4.666666666666667,1848.8178,Medium Profit
S00950,5/24/19,Daniil N,Yahoo,EKO Item,823.9789,2226.97,United States,Massachusetts,1.0,3.0,4.0,2.6666666666666665,1402.9910999999997,Medium Profit
S00951,7/25/18,Daniil N,Whole Foods,UTR Item,1872.4112,2127.74,United States,RhodeIsland,3.0,3.0,2.0,2.6666666666666665,255.32879999999977,Small Profit
S00952,7/21/18,Daniil N,McLendon's Hardware,QHO Item,1641.6136,1865.47,United States,Connecticut,3.0,4.0,3.0,3.3333333333333335,223.85640000000012,Small Profit
S00953,12/17/18,Daniil N,Nature Company,PGS Item,1496.0616,1700.07,United States,NewYork,2.0,1.0,4.0,2.3333333333333335,204.00839999999994,Small Profit
S00954,12/16/17,Daniil N,Solar and Wind Inc.,KST Item,1232.265,1643.02,United States,NewJersey,1.0,2.0,5.0,2.6666666666666665,410.7549999999999,Small Profit
S00955,12/3/18,Daniil N,Costco,XDV Item,1011.2484,1487.13,United States,Pennsylvania,3.0,4.0,1.0,2.6666666666666665,475.88160000000016,Small Profit
S00956,4/26/18,Daniil N,Solar and Wind Inc.,EVO Item,1101.8475,1469.13,United States,Maine,4.0,5.0,1.0,3.3333333333333335,367.2825,Small Profit
S00957,9/30/18,Daniil N,Amazon.com,AIZ Item,627.9392,923.44,United States,NewHampshire,5.0,2.0,5.0,4.0,295.5008,Small Profit
S00958,1/24/18,Daniil N,Office Depot,FZY Item,331.1537,895.01,United States,Vermont,1.0,4.0,1.0,2.0,563.8562999999999,Medium Profit
S00959,9/24/17,Daniil N,Solar and Wind Inc.,DEJ Item,756.888,860.1,United States,Massachusetts,3.0,4.0,5.0,4.0,103.21199999999999,Small Profit
S00960,7/17/18,Daniil N,Amazon.com,AHZ Item,245.7825,327.71,United States,RhodeIsland,5.0,1.0,5.0,3.6666666666666665,81.92749999999998,Small Profit
S00961,2/15/19,Daniil N,Costco,TGL Item,58.7597,158.81,United States,Connecticut,3.0,3.0,3.0,3.0,100.0503,Small Profit
S00962,3/15/18,Desiree A,ExcelIsVeryFun.com,ARY Item,3489.7179,9431.67,United States,NewYork,4.0,3.0,3.0,3.3333333333333335,5941.9521,Large Profit
S00963,8/23/18,Desiree A,ExcelIsVeryFun.com,YTX Item,4906.627,8921.14,United States,NewJersey,3.0,4.0,2.0,3.0,4014.512999999999,Large Profit
S00964,2/1/18,Desiree A,The Economist,WPY Item,5841.0096,8589.72,United States,Pennsylvania,4.0,1.0,5.0,3.3333333333333335,2748.710399999999,Large Profit
S00965,8/19/18,Desiree A,Nature Company,IQG Item,7772.23425,8312.55,United States,Maine,2.0,5.0,1.0,2.6666666666666665,540.3157499999988,Medium Profit
S00966,5/18/19,Desiree A,Solar and Wind Inc.,SUA Item,3731.094,8291.32,United States,NewHampshire,5.0,2.0,4.0,3.6666666666666665,4560.226,Large Profit
S00967,5/25/18,Desiree A,Google,IXD Item,4315.6025,7846.55,United States,Vermont,2.0,1.0,3.0,2.0,3530.9475,Large Profit
S00968,11/22/17,Desiree A,The Economist,FFT Item,7012.77115,7500.29,United States,Massachusetts,1.0,1.0,3.0,1.6666666666666667,487.5188500000004,Small Profit
S00969,5/1/19,Desiree A,Google,OLD Item,3297.0465,7326.77,United States,RhodeIsland,4.0,5.0,2.0,3.6666666666666665,4029.7235000000005,Large Profit
S00970,8/27/18,Desiree A,The Economist,III Item,5843.4508,6249.68,United States,Connecticut,4.0,1.0,3.0,2.6666666666666665,406.2292000000007,Small Profit
S00971,2/18/18,Desiree A,Solar and Wind Inc.,UCC Item,2549.8845,5666.41,United States,NewYork,1.0,1.0,2.0,1.3333333333333333,3116.5254999999997,Large Profit
S00972,7/17/18,Desiree A,Amazon.com,WRA Item,4164.3375,5552.45,United States,NewJersey,1.0,5.0,5.0,3.6666666666666665,1388.1125000000002,Medium Profit
S00973,8/23/18,Desiree A,McLendon's Hardware,RFT Item,3975.27,5300.36,United States,Pennsylvania,4.0,4.0,5.0,4.333333333333333,1325.0899999999997,Medium Profit
S00974,5/29/18,Desiree A,Whole Foods,FII Item,2669.887,4854.34,United States,Maine,5.0,1.0,1.0,2.3333333333333335,2184.453,Large Profit
S00975,8/26/17,Desiree A,Solar and Wind Inc.,BWQ Item,3879.2589,4148.94,United States,NewHampshire,1.0,5.0,3.0,3.0,269.6810999999998,Small Profit
S00976,11/24/17,Desiree A,Peet's Coffee,HVN Item,2266.0715,4120.13,United States,Vermont,4.0,4.0,2.0,3.3333333333333335,1854.0585,Medium Profit
S00977,11/24/17,Desiree A,Nature Company,HYT Item,2308.661,3980.45,United States,Massachusetts,2.0,4.0,3.0,3.0,1671.7889999999998,Medium Profit
S00978,6/19/18,Desiree A,Sherman Williams,SBX Item,3281.5376,3729.02,United States,RhodeIsland,3.0,1.0,5.0,3.0,447.48239999999987,Small Profit
S00979,10/9/17,Desiree A,Peet's Coffee,GPJ Item,1935.6095,3519.29,United States,Connecticut,5.0,4.0,3.0,4.0,1583.6805,Medium Profit
S00980,10/25/18,Desiree A,Peet's Coffee,ETO Item,2033.5438,3506.11,United States,NewYork,5.0,2.0,2.0,3.0,1472.5662000000002,Medium Profit
S00981,2/2/19,Desiree A,The Economist,YKX Item,3025.76285,3236.11,United States,NewJersey,4.0,4.0,2.0,3.3333333333333335,210.34715000000006,Small Profit
S00982,5/3/18,Desiree A,Google,XFG Item,1675.509,3046.38,United States,Pennsylvania,3.0,1.0,5.0,3.0,1370.871,Medium Profit
S00983,10/6/18,Desiree A,Yahoo,NPT Item,981.5397,2652.81,United States,Maine,3.0,1.0,5.0,3.0,1671.2703,Medium Profit
S00984,7/3/17,Desiree A,The Economist,HFM Item,1160.9145,2579.81,United States,NewHampshire,1.0,4.0,5.0,3.3333333333333335,1418.8954999999999,Medium Profit
S00985,10/23/17,Desiree A,ExcelIsVeryFun.com,SZD Item,1719.2168,2528.26,United States,Vermont,1.0,4.0,3.0,2.6666666666666665,809.0432000000003,Medium Profit
S00986,12/25/18,Desiree A,Office Depot,NYC Item,1812.1425,2416.19,United States,Massachusetts,5.0,5.0,4.0,4.666666666666667,604.0475000000001,Medium Profit
S00987,7/15/18,Desiree A,ExcelIsVeryFun.com,XDL Item,989.7545,1677.55,United States,RhodeIsland,4.0,2.0,3.0,3.0,687.7955,Medium Profit
S00988,7/17/17,Desiree A,Office Depot,JYF Item,1210.3425,1613.79,United States,Connecticut,3.0,5.0,2.0,3.3333333333333335,403.4475,Small Profit
S00989,4/13/19,Desiree A,ExcelIsVeryFun.com,TNQ Item,457.7566,1237.18,United States,NewYork,5.0,1.0,5.0,3.6666666666666665,779.4234000000001,Medium Profit
S00990,12/24/17,Desiree A,Sherman Williams,DES Item,322.3756,555.82,United States,NewJersey,4.0,5.0,2.0,3.6666666666666665,233.44440000000003,Small Profit
S00991,4/3/18,Desiree A,Amazon.com,AIZ Item,219.0824,322.18,United States,Pennsylvania,2.0,2.0,4.0,2.6666666666666665,103.0976,Small Profit
S00992,9/11/18,Desiree A,Google,LLG Item,45.6247,77.33,United States,Maine,3.0,3.0,5.0,3.6666666666666665,31.7053,Small Profit
S00993,12/29/17,Dina,Google,FYV Item,4204.497,9777.9,United States,NewHampshire,2.0,5.0,5.0,4.0,5573.402999999999,Large Profit
S00994,11/16/18,Dina,Amazon.com,EMI Item,3606.3604,9746.92,United States,Vermont,3.0,5.0,2.0,3.3333333333333335,6140.5596000000005,Large Profit
S00995,6/13/18,Dina,Peet's Coffee,QGM Item,5643.7453,9565.67,United States,Massachusetts,5.0,5.0,1.0,3.6666666666666665,3921.9247000000005,Large Profit
S00996,12/29/18,Dina,Nature Company,KNH Item,5622.9714,9530.46,United States,RhodeIsland,3.0,2.0,5.0,3.3333333333333335,3907.4885999999988,Large Profit
S00997,10/12/17,Dina,Amazon.com,FWK Item,7133.745,9511.66,United States,Connecticut,5.0,2.0,3.0,3.3333333333333335,2377.915,Large Profit
S00998,11/10/18,Dina,Whole Foods,ZNE Item,8311.6,9445.0,United States,NewYork,5.0,1.0,3.0,3.0,1133.3999999999996,Medium Profit
S00999,12/31/18,Dina,McLendon's Hardware,YCJ Item,8192.4656,9309.62,United States,NewJersey,5.0,1.0,5.0,3.6666666666666665,1117.1544000000013,Medium Profit
S01000,4/12/19,Dina,Office Depot,VDQ Item,5261.6082,8917.98,United States,Pennsylvania,3.0,2.0,1.0,2.0,3656.3718,Large Profit
S01001,7/26/18,Dina,McLendon's Hardware,IZV Item,6050.4088,8897.66,United States,Maine,4.0,4.0,5.0,4.333333333333333,2847.2511999999997,Large Profit
S01002,5/22/19,Dina,Peet's Coffee,KXU Item,3963.807,8808.46,United States,NewHampshire,1.0,2.0,1.0,1.3333333333333333,4844.652999999999,Large Profit
S01003,8/29/18,Dina,Whole Foods,UXS Item,3739.0736,8695.52,United States,Vermont,2.0,5.0,3.0,3.3333333333333335,4956.446400000001,Large Profit
S01004,5/20/18,Dina,McLendon's Hardware,VGY Item,3633.7236,8450.52,United States,Massachusetts,2.0,3.0,4.0,3.0,4816.796400000001,Large Profit
S01005,4/21/19,Dina,Nature Company,AAA Item,3627.81,8061.8,United States,RhodeIsland,1.0,2.0,4.0,2.3333333333333335,4433.99,Large Profit
S01006,3/26/18,Dina,Nature Company,GRX Item,6043.74,8058.32,United States,Connecticut,4.0,3.0,3.0,3.3333333333333335,2014.58,Large Profit
S01007,10/20/17,Dina,Costco,GPC Item,3183.978,7404.6,United States,NewYork,3.0,2.0,2.0,2.3333333333333335,4220.622,Large Profit
S01008,7/22/17,Dina,The Economist,XIW Item,3116.7432,7248.24,United States,NewJersey,4.0,2.0,1.0,2.3333333333333335,4131.4968,Large Profit
S01009,2/8/18,Dina,ExcelIsVeryFun.com,IGI Item,6764.52865,7234.79,United States,Pennsylvania,1.0,3.0,4.0,2.6666666666666665,470.26134999999977,Small Profit
S01010,1/4/19,Dina,Nature Company,TQY Item,3864.6444,6663.18,United States,Maine,4.0,1.0,3.0,2.6666666666666665,2798.5356,Large Profit
S01011,12/14/18,Dina,Amazon.com,RWH Item,2964.7575,6588.35,United States,NewHampshire,5.0,3.0,5.0,4.333333333333333,3623.5925,Large Profit
S01012,3/11/18,Dina,Amazon.com,CNH Item,4467.838,6570.35,United States,Vermont,3.0,5.0,5.0,4.333333333333333,2102.5120000000006,Large Profit
S01013,11/21/17,Dina,Nature Company,PVQ Item,3386.79,6157.8,United States,Massachusetts,3.0,2.0,2.0,2.3333333333333335,2771.01,Large Profit
S01014,1/6/18,Dina,Peet's Coffee,CIU Item,3370.994,6129.08,United States,RhodeIsland,4.0,5.0,2.0,3.6666666666666665,2758.086,Large Profit
S01015,4/12/18,Dina,Whole Foods,KLB Item,2522.2897,5865.79,United States,Connecticut,1.0,1.0,2.0,1.3333333333333333,3343.5003,Large Profit
S01016,12/25/17,Dina,Yahoo,IJX Item,2636.7345,5859.41,United States,NewYork,4.0,5.0,3.0,4.0,3222.6755,Large Profit
S01017,10/3/18,Dina,Sherman Williams,SVY Item,3840.1176,4363.77,United States,NewJersey,4.0,1.0,4.0,3.0,523.6524000000004,Medium Profit
S01018,8/18/18,Dina,Amazon.com,BII Item,3170.595,4227.46,United States,Pennsylvania,5.0,4.0,4.0,4.333333333333333,1056.8650000000002,Medium Profit
S01019,4/19/19,Dina,Whole Foods,CSZ Item,1741.0227,4048.89,United States,Maine,5.0,1.0,3.0,3.0,2307.8673,Large Profit
S01020,8/18/17,Dina,Costco,VCN Item,2991.765,3989.02,United States,NewHampshire,5.0,5.0,3.0,4.333333333333333,997.2550000000001,Medium Profit
S01021,10/29/18,Dina,Nature Company,KEH Item,1712.9652,3983.64,United States,Vermont,5.0,3.0,2.0,3.3333333333333335,2270.6748,Large Profit
S01022,4/25/18,Dina,Home Depot,UHI Item,2700.3072,3971.04,United States,Massachusetts,5.0,5.0,2.0,4.0,1270.7327999999998,Medium Profit
S01023,5/6/18,Dina,Whole Foods,SVF Item,3437.808,3676.8,United States,RhodeIsland,5.0,1.0,1.0,2.3333333333333335,238.9920000000002,Small Profit
S01024,2/1/19,Dina,Office Depot,BGN Item,2812.1368,3195.61,United States,Connecticut,5.0,3.0,2.0,3.3333333333333335,383.4731999999999,Small Profit
S01025,10/13/17,Dina,Sherman Williams,GJP Item,1801.0616,2648.62,United States,NewYork,3.0,1.0,5.0,3.0,847.5583999999999,Medium Profit
S01026,10/19/18,Dina,ExcelIsVeryFun.com,ZLG Item,1097.833,2553.1,United States,NewJersey,2.0,2.0,5.0,3.0,1455.2669999999998,Medium Profit
S01027,12/5/18,Dina,Sherman Williams,QRB Item,851.6216,2301.68,United States,Pennsylvania,3.0,4.0,5.0,4.0,1450.0584,Medium Profit
S01028,6/5/19,Dina,Peet's Coffee,ARS Item,1012.14685,1082.51,United States,Maine,3.0,2.0,3.0,2.6666666666666665,70.36315000000002,Small Profit
S01029,5/3/18,Dina,Solar and Wind Inc.,IIH Item,531.59,781.75,United States,NewHampshire,1.0,5.0,3.0,3.0,250.15999999999997,Small Profit
S01030,4/26/19,Dina,Sherman Williams,ONV Item,317.2712,737.84,United States,Vermont,1.0,5.0,3.0,3.0,420.5688,Small Profit
S01031,4/22/18,Dina,Peet's Coffee,XRC Item,275.6992,405.44,United States,Massachusetts,3.0,4.0,4.0,3.6666666666666665,129.74079999999998,Small Profit
S01032,7/1/17,Dina,McLendon's Hardware,BJI Item,105.4019,284.87,United States,RhodeIsland,2.0,1.0,2.0,1.6666666666666667,179.4681,Small Profit
S01033,12/19/17,Donald Wayne,McLendon's Hardware,NNT Item,5867.6562,9945.18,United States,Connecticut,2.0,1.0,1.0,1.3333333333333333,4077.5238,Large Profit
S01034,2/19/18,Donald Wayne,Peet's Coffee,TRK Item,3523.0105,9521.65,United States,NewYork,3.0,4.0,1.0,2.6666666666666665,5998.639499999999,Large Profit
S01035,8/1/18,Donald Wayne,McLendon's Hardware,QNF Item,7010.2725,9347.03,United States,NewJersey,3.0,1.0,3.0,2.3333333333333335,2336.7575000000006,Large Profit
S01036,5/1/19,Donald Wayne,Peet's Coffee,DSQ Item,3750.0773,8721.11,United States,Pennsylvania,5.0,2.0,5.0,4.0,4971.032700000001,Large Profit
S01037,11/21/18,Donald Wayne,Costco,VOT Item,3180.816,8596.8,United States,Maine,5.0,1.0,4.0,3.3333333333333335,5415.9839999999995,Large Profit
S01038,4/5/19,Donald Wayne,Costco,FSJ Item,4647.2855,8449.61,United States,NewHampshire,5.0,5.0,2.0,4.0,3802.3245000000006,Large Profit
S01039,12/17/18,Donald Wayne,Yahoo,MJE Item,3549.915,7888.7,United States,Vermont,4.0,1.0,4.0,3.0,4338.785,Large Profit
S01040,12/30/17,Donald Wayne,ExcelIsVeryFun.com,DBH Item,4139.7565,7526.83,United States,Massachusetts,3.0,4.0,1.0,2.6666666666666665,3387.0734999999995,Large Profit
S01041,10/24/17,Donald Wayne,Sherman Williams,HMW Item,5011.1716,7369.37,United States,RhodeIsland,3.0,3.0,2.0,2.6666666666666665,2358.1984,Large Profit
S01042,5/12/18,Donald Wayne,Solar and Wind Inc.,FPU Item,4937.5344,7261.08,United States,Connecticut,3.0,4.0,5.0,4.0,2323.5456000000004,Large Profit
S01043,7/11/18,Donald Wayne,Costco,JNF Item,4211.1828,7260.66,United States,NewYork,1.0,5.0,2.0,2.6666666666666665,3049.4772000000003,Large Profit
S01044,10/6/17,Donald Wayne,Peet's Coffee,LVG Item,3671.5798,6330.31,United States,NewJersey,1.0,2.0,5.0,2.6666666666666665,2658.7302000000004,Large Profit
S01045,9/21/17,Donald Wayne,McLendon's Hardware,MBX Item,2177.006,5883.8,United States,Pennsylvania,3.0,5.0,4.0,4.0,3706.7940000000003,Large Profit
S01046,7/4/18,Donald Wayne,Solar and Wind Inc.,ULJ Item,3442.4258,5834.62,United States,Maine,2.0,2.0,4.0,2.6666666666666665,2392.1942,Large Profit
S01047,9/24/18,Donald Wayne,Amazon.com,AVV Item,2393.388,5318.64,United States,NewHampshire,2.0,4.0,3.0,3.0,2925.2520000000004,Large Profit
S01048,3/25/18,Donald Wayne,Solar and Wind Inc.,WAS Item,3382.694,4974.55,United States,Vermont,4.0,4.0,4.0,4.0,1591.8560000000002,Medium Profit
S01049,1/20/19,Donald Wayne,The Economist,EYP Item,2705.4448,4664.56,United States,Massachusetts,5.0,4.0,1.0,3.3333333333333335,1959.1152000000002,Medium Profit
S01050,9/10/17,Donald Wayne,Peet's Coffee,KLA Item,2996.1375,3994.85,United States,RhodeIsland,3.0,5.0,4.0,4.0,998.7125000000001,Medium Profit
S01051,4/15/19,Donald Wayne,Costco,WCX Item,1182.0464,3194.72,United States,Connecticut,2.0,5.0,4.0,3.6666666666666665,2012.6735999999999,Large Profit
S01052,2/4/18,Donald Wayne,Home Depot,GBI Item,2044.8008,3007.06,United States,NewYork,4.0,5.0,3.0,4.0,962.2592,Medium Profit
S01053,1/1/19,Donald Wayne,Nature Company,OTA Item,727.4826,1691.82,United States,NewJersey,5.0,2.0,3.0,3.3333333333333335,964.3373999999999,Medium Profit
S01054,11/19/18,Donald Wayne,Costco,AKY Item,1193.4675,1591.29,United States,Pennsylvania,4.0,1.0,3.0,2.6666666666666665,397.8225,Small Profit
S01055,4/20/18,Donald Wayne,ExcelIsVeryFun.com,HAK Item,640.6633,1085.87,United States,Maine,4.0,5.0,4.0,4.333333333333333,445.20669999999984,Small Profit
S01056,5/14/19,Donald Wayne,Solar and Wind Inc.,FNY Item,692.4675,923.29,United States,NewHampshire,5.0,3.0,1.0,3.0,230.8225,Small Profit
S01057,1/20/19,Donald Wayne,ExcelIsVeryFun.com,CIH Item,669.45,892.6,United States,Vermont,1.0,4.0,1.0,2.0,223.14999999999998,Small Profit
S01058,6/7/19,Donald Wayne,Amazon.com,ALY Item,391.896,870.88,United States,Massachusetts,3.0,1.0,4.0,2.6666666666666665,478.984,Small Profit
S01059,11/10/17,Donald Wayne,Solar and Wind Inc.,QVV Item,335.8816,781.12,United States,RhodeIsland,2.0,1.0,4.0,2.3333333333333335,445.2384,Small Profit
S01060,11/30/18,Donald Wayne,Sherman Williams,GVC Item,218.4443,508.01,United States,Connecticut,2.0,3.0,5.0,3.3333333333333335,289.5657,Small Profit
S01061,2/28/19,Donald Wayne,The Economist,SFA Item,206.6925,275.59,United States,NewYork,3.0,4.0,1.0,2.6666666666666665,68.89749999999998,Small Profit
S01062,7/15/17,Hassan M,Google,DMP Item,5481.2945,9965.99,United States,NewJersey,1.0,1.0,3.0,1.6666666666666667,4484.6955,Large Profit
S01063,5/2/18,Hassan M,Home Depot,EAR Item,4384.4175,9743.15,United States,Pennsylvania,3.0,2.0,4.0,3.0,5358.7325,Large Profit
S01064,10/24/18,Hassan M,Home Depot,UHX Item,5543.002,9556.9,United States,Maine,3.0,4.0,1.0,2.6666666666666665,4013.8979999999992,Large Profit
S01065,8/30/18,Hassan M,Costco,QTZ Item,8815.91865,9428.79,United States,NewHampshire,5.0,3.0,2.0,3.3333333333333335,612.8713500000013,Medium Profit
S01066,8/28/17,Hassan M,Solar and Wind Inc.,JZM Item,7898.9152,8976.04,United States,Vermont,3.0,2.0,2.0,2.3333333333333335,1077.1248000000005,Medium Profit
S01067,1/6/19,Hassan M,Sherman Williams,DIP Item,6567.72,8756.96,United States,Massachusetts,5.0,5.0,5.0,5.0,2189.239999999999,Large Profit
S01068,4/7/19,Hassan M,Home Depot,UJN Item,3150.2799,8514.27,United States,RhodeIsland,3.0,5.0,3.0,3.6666666666666665,5363.990100000001,Large Profit
S01069,5/12/19,Hassan M,Home Depot,DRO Item,4764.9842,8215.49,United States,Connecticut,4.0,4.0,3.0,3.6666666666666665,3450.5058,Large Profit
S01070,3/15/18,Hassan M,Amazon.com,KEI Item,3491.8709,8120.63,United States,NewYork,3.0,5.0,4.0,4.0,4628.7591,Large Profit
S01071,8/12/18,Hassan M,Home Depot,BYU Item,6141.74,6979.25,United States,NewJersey,4.0,2.0,3.0,3.0,837.5100000000002,Medium Profit
S01072,1/28/18,Hassan M,Solar and Wind Inc.,SMX Item,4035.8836,6958.42,United States,Pennsylvania,4.0,5.0,3.0,4.0,2922.5364,Large Profit
S01073,1/7/18,Hassan M,Yahoo,ZBJ Item,2851.1775,6335.95,United States,Maine,2.0,2.0,1.0,1.6666666666666667,3484.7725,Large Profit
S01074,9/2/18,Hassan M,Yahoo,CNN Item,4357.245,5809.66,United States,NewHampshire,2.0,4.0,1.0,2.3333333333333335,1452.415,Medium Profit
S01075,12/30/17,Hassan M,McLendon's Hardware,ACP Item,2150.9675,5002.25,United States,Vermont,2.0,3.0,3.0,2.6666666666666665,2851.2825,Large Profit
S01076,8/29/17,Hassan M,McLendon's Hardware,VDD Item,3729.2025,4972.27,United States,Massachusetts,3.0,1.0,2.0,2.0,1243.0675000000006,Medium Profit
S01077,1/22/18,Hassan M,The Economist,ZXI Item,2033.1518,4728.26,United States,RhodeIsland,1.0,5.0,4.0,3.3333333333333335,2695.1082,Large Profit
S01078,12/17/18,Hassan M,Yahoo,YCR Item,1693.786,4577.8,United States,Connecticut,2.0,3.0,2.0,2.3333333333333335,2884.014,Large Profit
S01079,8/18/18,Hassan M,McLendon's Hardware,POX Item,4025.1112,4573.99,United States,NewYork,3.0,5.0,1.0,3.0,548.8788,Medium Profit
S01080,3/6/19,Hassan M,Yahoo,CMW Item,1880.9748,4374.36,United States,NewJersey,3.0,3.0,4.0,3.3333333333333335,2493.3851999999997,Large Profit
S01081,11/27/17,Hassan M,Sherman Williams,ODY Item,4085.2581,4369.26,United States,Pennsylvania,3.0,5.0,2.0,3.3333333333333335,284.0019000000002,Small Profit
S01082,6/18/18,Hassan M,The Economist,NMK Item,2042.1115,3712.93,United States,Maine,5.0,1.0,3.0,3.0,1670.8184999999999,Medium Profit
S01083,5/15/18,Hassan M,Sherman Williams,WJE Item,2720.7565,2909.9,United States,NewHampshire,5.0,4.0,3.0,4.0,189.14350000000013,Small Profit
S01084,6/21/18,Hassan M,Whole Foods,LXW Item,1874.012,2755.9,United States,Vermont,4.0,5.0,4.0,4.333333333333333,881.8880000000001,Medium Profit
S01085,4/4/19,Hassan M,Yahoo,KDX Item,1231.7985,2737.33,United States,Massachusetts,5.0,3.0,3.0,3.6666666666666665,1505.5314999999998,Medium Profit
S01086,5/4/18,Hassan M,Solar and Wind Inc.,LII Item,2339.48,2658.5,United States,RhodeIsland,3.0,4.0,3.0,3.3333333333333335,319.02,Small Profit
S01087,1/21/19,Hassan M,Home Depot,ELN Item,1438.404,2615.28,United States,Connecticut,5.0,3.0,2.0,3.3333333333333335,1176.8760000000002,Medium Profit
S01088,2/16/18,Hassan M,Solar and Wind Inc.,YHW Item,2235.2264,2540.03,United States,NewYork,3.0,3.0,1.0,2.3333333333333335,304.8036000000002,Small Profit
S01089,3/28/18,Hassan M,Amazon.com,OAA Item,2294.3591,2453.86,United States,NewJersey,4.0,1.0,1.0,2.0,159.5009,Small Profit
S01090,5/10/19,Hassan M,Peet's Coffee,ARF Item,637.4471,1722.83,United States,Pennsylvania,3.0,1.0,3.0,2.3333333333333335,1085.3829,Medium Profit
S01091,2/17/18,Hassan M,Solar and Wind Inc.,JLY Item,729.1381,1695.67,United States,Maine,4.0,4.0,3.0,3.6666666666666665,966.5319000000001,Medium Profit
S01092,9/12/17,Hassan M,ExcelIsVeryFun.com,IYF Item,1467.43575,1569.45,United States,NewHampshire,4.0,3.0,5.0,4.0,102.01424999999995,Small Profit
S01093,11/18/18,Hassan M,Whole Foods,HFB Item,1059.2836,1557.77,United States,Vermont,1.0,4.0,4.0,3.0,498.4864,Small Profit
S01094,8/11/17,Hassan M,ExcelIsVeryFun.com,LMR Item,326.7766,883.18,United States,Massachusetts,1.0,4.0,4.0,3.0,556.4033999999999,Medium Profit
S01095,5/4/18,Hassan M,Yahoo,NLI Item,424.6825,772.15,United States,RhodeIsland,1.0,2.0,4.0,2.3333333333333335,347.4675,Small Profit
S01096,5/18/19,Hassan M,Peet's Coffee,DML Item,406.2465,738.63,United States,Connecticut,4.0,5.0,1.0,3.3333333333333335,332.38349999999997,Small Profit
S01097,2/2/19,Hassan M,ExcelIsVeryFun.com,KAE Item,7.4104,12.56,United States,NewYork,5.0,5.0,4.0,4.666666666666667,5.1496,Small Profit
S01098,10/30/17,Michael G,Sherman Williams,OJK Item,4481.1405,9958.09,United States,NewJersey,4.0,2.0,2.0,2.6666666666666665,5476.9495,Large Profit
S01099,2/4/19,Michael G,The Economist,TPL Item,3381.4929,9139.17,United States,Pennsylvania,3.0,5.0,3.0,3.6666666666666665,5757.6771,Large Profit
S01100,7/28/17,Michael G,Solar and Wind Inc.,OPA Item,4020.66,8934.8,United States,Maine,1.0,3.0,4.0,2.6666666666666665,4914.139999999999,Large Profit
S01101,2/13/19,Michael G,Whole Foods,DDC Item,5856.6904,8612.78,United States,NewHampshire,2.0,2.0,2.0,2.0,2756.0896000000002,Large Profit
S01102,9/29/17,Michael G,Peet's Coffee,NMF Item,4854.4028,8369.66,United States,Vermont,1.0,5.0,4.0,3.3333333333333335,3515.2572,Large Profit
S01103,2/25/18,Michael G,Sherman Williams,UJX Item,4688.1922,8083.09,United States,Massachusetts,4.0,3.0,2.0,3.0,3394.8977999999997,Large Profit
S01104,9/20/18,Michael G,Google,THP Item,4646.177,8010.65,United States,RhodeIsland,5.0,1.0,1.0,2.3333333333333335,3364.473,Large Profit
S01105,6/9/19,Michael G,Office Depot,GNN Item,4426.8998,7503.22,United States,Connecticut,2.0,2.0,1.0,1.6666666666666667,3076.3202,Large Profit
S01106,7/19/18,Michael G,Amazon.com,BTR Item,5064.1164,7447.23,United States,NewYork,3.0,1.0,2.0,2.0,2383.1135999999997,Large Profit
S01107,12/23/17,Michael G,Yahoo,LGZ Item,4064.72,7390.4,United States,NewJersey,1.0,5.0,3.0,3.0,3325.68,Large Profit
S01108,9/10/18,Michael G,The Economist,GIE Item,4252.937,7332.65,United States,Pennsylvania,2.0,2.0,2.0,2.0,3079.7129999999997,Large Profit
S01109,9/2/18,Michael G,Peet's Coffee,LPL Item,2929.3275,5326.05,United States,Maine,5.0,4.0,2.0,3.6666666666666665,2396.7225000000003,Large Profit
S01110,5/21/18,Michael G,Costco,AAK Item,2149.3636,4998.52,United States,NewHampshire,4.0,5.0,5.0,4.666666666666667,2849.1564000000003,Large Profit
S01111,5/17/19,Michael G,Solar and Wind Inc.,JZS Item,2764.396,4766.2,United States,Vermont,3.0,2.0,1.0,2.0,2001.8039999999996,Large Profit
S01112,6/22/17,Michael G,Office Depot,VYP Item,2687.9694,4634.43,United States,Massachusetts,1.0,2.0,5.0,2.6666666666666665,1946.4606000000003,Medium Profit
S01113,12/15/17,Michael G,The Economist,CNK Item,1838.2328,4274.96,United States,RhodeIsland,4.0,2.0,3.0,3.0,2436.7272000000003,Large Profit
S01114,9/23/18,Michael G,Nature Company,NMO Item,2421.242,3560.65,United States,Connecticut,1.0,3.0,4.0,2.6666666666666665,1139.408,Medium Profit
S01115,9/23/18,Michael G,Amazon.com,GYH Item,2280.1692,3353.19,United States,NewYork,2.0,2.0,2.0,2.0,1073.0208000000002,Medium Profit
S01116,10/11/17,Michael G,Amazon.com,LSP Item,1496.8125,3326.25,United States,NewJersey,3.0,2.0,5.0,3.3333333333333335,1829.4375,Medium Profit
S01117,11/9/18,Michael G,Nature Company,ROR Item,2245.1492,3301.69,United States,Pennsylvania,1.0,5.0,5.0,3.6666666666666665,1056.5408000000002,Medium Profit
S01118,2/25/18,Michael G,Office Depot,JNE Item,2947.35375,3152.25,United States,Maine,4.0,5.0,4.0,4.333333333333333,204.89624999999978,Small Profit
S01119,5/15/19,Michael G,Whole Foods,WXP Item,1018.2511,2752.03,United States,NewHampshire,1.0,4.0,2.0,2.3333333333333335,1733.7789000000002,Medium Profit
S01120,2/8/18,Michael G,Costco,IWJ Item,2180.0416,2477.32,United States,Vermont,3.0,3.0,5.0,3.6666666666666665,297.27840000000015,Small Profit
S01121,6/24/18,Michael G,Yahoo,HVH Item,1264.4821,2143.19,United States,Massachusetts,5.0,1.0,1.0,2.3333333333333335,878.7079000000001,Medium Profit
S01122,12/30/17,Michael G,Sherman Williams,PVA Item,1309.4025,1745.87,United States,RhodeIsland,2.0,2.0,5.0,3.0,436.4675,Small Profit
S01123,6/17/17,Michael G,Solar and Wind Inc.,UQS Item,998.0263,1691.57,United States,Connecticut,1.0,1.0,1.0,1.0,693.5437,Medium Profit
S01124,11/16/18,Michael G,McLendon's Hardware,PYA Item,816.1702,1407.19,United States,NewYork,5.0,1.0,5.0,3.6666666666666665,591.0198,Medium Profit
S01125,5/26/19,Michael G,Sherman Williams,YER Item,194.821,354.22,United States,NewJersey,3.0,5.0,3.0,3.6666666666666665,159.39900000000003,Small Profit
S01126,11/14/17,Michael G,Whole Foods,TZJ Item,28.5383,48.37,United States,Pennsylvania,4.0,5.0,1.0,3.3333333333333335,19.831699999999998,Small Profit
S01127,1/24/19,Nikol M,Google,OZX Item,8339.5488,9476.76,United States,Maine,5.0,2.0,2.0,3.0,1137.2111999999997,Medium Profit
S01128,12/31/17,Nikol M,Yahoo,WPE Item,5394.145,9300.25,United States,NewHampshire,2.0,3.0,4.0,3.0,3906.1049999999996,Large Profit
S01129,8/18/18,Nikol M,Office Depot,QOF Item,5147.4362,8874.89,United States,Vermont,5.0,3.0,3.0,3.6666666666666665,3727.4537999999993,Large Profit
S01130,7/4/18,Nikol M,Whole Foods,VJY Item,6603.42,8804.56,United States,Massachusetts,3.0,4.0,1.0,2.6666666666666665,2201.1399999999994,Large Profit
S01131,2/23/18,Nikol M,The Economist,NUQ Item,5808.6212,8542.09,United States,RhodeIsland,5.0,5.0,4.0,4.666666666666667,2733.4688000000006,Large Profit
S01132,3/15/18,Nikol M,ExcelIsVeryFun.com,KMV Item,5708.7088,8395.16,United States,Connecticut,2.0,5.0,3.0,3.3333333333333335,2686.4511999999995,Large Profit
S01133,6/19/18,Nikol M,Google,BTK Item,4611.6785,8384.87,United States,NewYork,5.0,3.0,5.0,4.333333333333333,3773.191500000001,Large Profit
S01134,3/10/19,Nikol M,Home Depot,SZM Item,2963.2338,8008.74,United States,NewJersey,3.0,4.0,1.0,2.6666666666666665,5045.5062,Large Profit
S01135,7/27/18,Nikol M,Whole Foods,UIT Item,2690.7029,7272.17,United States,Pennsylvania,2.0,4.0,3.0,3.0,4581.4671,Large Profit
S01136,6/23/18,Nikol M,McLendon's Hardware,EJG Item,4777.3332,7025.49,United States,Maine,3.0,3.0,4.0,3.3333333333333335,2248.1567999999997,Large Profit
S01137,8/6/18,Nikol M,Office Depot,ITY Item,4509.1616,6631.12,United States,NewHampshire,1.0,3.0,3.0,2.3333333333333335,2121.9583999999995,Large Profit
S01138,12/28/18,Nikol M,The Economist,ICS Item,3728.6643,6319.77,United States,Vermont,4.0,3.0,3.0,3.3333333333333335,2591.1057000000005,Large Profit
S01139,9/1/18,Nikol M,Solar and Wind Inc.,ADY Item,2968.8808,5118.76,United States,Massachusetts,5.0,2.0,1.0,2.6666666666666665,2149.8792000000003,Large Profit
S01140,9/29/17,Nikol M,Amazon.com,SBM Item,2626.7312,3862.84,United States,RhodeIsland,2.0,2.0,2.0,2.0,1236.1088,Medium Profit
S01141,6/24/17,Nikol M,Nature Company,HFA Item,2019.5641,3422.99,United States,Connecticut,5.0,1.0,3.0,3.0,1403.4258999999997,Medium Profit
S01142,12/9/18,Nikol M,Amazon.com,YQS Item,1479.2355,3287.19,United States,NewYork,4.0,5.0,4.0,4.333333333333333,1807.9545,Medium Profit
S01143,6/30/17,Nikol M,Whole Foods,TYL Item,1223.1178,2844.46,United States,NewJersey,1.0,4.0,1.0,2.0,1621.3422,Medium Profit
S01144,3/23/19,Nikol M,Yahoo,BJL Item,1050.7852,2839.96,United States,Pennsylvania,3.0,2.0,4.0,3.0,1789.1748,Medium Profit
S01145,6/18/18,Nikol M,Whole Foods,DMA Item,1911.5412,2811.09,United States,Maine,4.0,1.0,2.0,2.3333333333333335,899.5488000000003,Medium Profit
S01146,6/7/19,Nikol M,Home Depot,RNI Item,1569.5121,2660.19,United States,NewHampshire,5.0,3.0,3.0,3.6666666666666665,1090.6779000000001,Medium Profit
S01147,11/3/17,Nikol M,Google,WVO Item,1971.5475,2628.73,United States,Vermont,1.0,2.0,3.0,2.0,657.1825000000001,Medium Profit
S01148,8/29/18,Nikol M,Whole Foods,GUM Item,1420.6288,2089.16,United States,Massachusetts,2.0,5.0,2.0,3.0,668.5311999999999,Medium Profit
S01149,7/31/17,Nikol M,Nature Company,MIR Item,962.9235,1750.77,United States,RhodeIsland,1.0,3.0,4.0,2.6666666666666665,787.8465,Medium Profit
S01150,1/5/18,Nikol M,Costco,THD Item,568.0128,1320.96,United States,Connecticut,1.0,3.0,4.0,2.6666666666666665,752.9472000000001,Medium Profit
S01151,3/17/18,Nikol M,Costco,YWP Item,558.2475,1298.25,United States,NewYork,3.0,5.0,2.0,3.3333333333333335,740.0025,Medium Profit
S01152,1/9/19,Nikol M,Solar and Wind Inc.,NZX Item,725.5525,1229.75,United States,NewJersey,3.0,2.0,1.0,2.0,504.1975,Medium Profit
S01153,10/3/17,Nikol M,Peet's Coffee,NRZ Item,387.571,656.9,United States,Pennsylvania,2.0,3.0,1.0,2.0,269.32899999999995,Small Profit
S01154,2/10/19,Nikol M,Solar and Wind Inc.,WZE Item,521.6728,592.81,United States,Maine,1.0,5.0,4.0,3.3333333333333335,71.1371999999999,Small Profit
S01155,12/12/18,Nikol M,Solar and Wind Inc.,MQW Item,92.276,135.7,United States,NewHampshire,3.0,5.0,2.0,3.3333333333333335,43.42399999999999,Small Profit
S01156,5/31/19,Sarabeth L,ExcelIsVeryFun.com,YIP Item,4494.447,9987.66,United States,Vermont,2.0,2.0,1.0,1.6666666666666667,5493.213,Large Profit
S01157,5/27/18,Sarabeth L,Home Depot,EBJ Item,3352.4146,9060.58,United States,Massachusetts,2.0,4.0,1.0,2.3333333333333335,5708.1654,Large Profit
S01158,7/23/18,Sarabeth L,Whole Foods,OQC Item,3913.0965,8695.77,United States,RhodeIsland,1.0,4.0,5.0,3.3333333333333335,4782.673500000001,Large Profit
S01159,1/11/18,Sarabeth L,The Economist,XHT Item,6171.495,8228.66,United States,Connecticut,5.0,1.0,4.0,3.3333333333333335,2057.165,Large Profit
S01160,1/13/19,Sarabeth L,Sherman Williams,WYL Item,5389.2784,6124.18,United States,NewYork,5.0,4.0,1.0,3.3333333333333335,734.9016000000001,Medium Profit
S01161,3/26/19,Sarabeth L,Office Depot,BLJ Item,2736.1545,4637.55,United States,NewJersey,2.0,1.0,2.0,1.6666666666666667,1901.3955,Medium Profit
S01162,9/8/17,Sarabeth L,ExcelIsVeryFun.com,PHH Item,1907.5574,4436.18,United States,Pennsylvania,1.0,1.0,5.0,2.3333333333333335,2528.6226000000006,Large Profit
S01163,6/14/19,Sarabeth L,Sherman Williams,LZB Item,2553.2776,3754.82,United States,Maine,4.0,1.0,2.0,2.3333333333333335,1201.5424000000003,Medium Profit
S01164,3/14/18,Sarabeth L,McLendon's Hardware,DJY Item,3411.815,3649.0,United States,NewHampshire,3.0,1.0,1.0,1.6666666666666667,237.18499999999995,Small Profit
S01165,7/12/18,Sarabeth L,Costco,ATV Item,2880.9,3273.75,United States,Vermont,1.0,5.0,5.0,3.6666666666666665,392.8499999999999,Small Profit
S01166,5/1/19,Sarabeth L,McLendon's Hardware,QIT Item,2347.59,3130.12,United States,Massachusetts,2.0,1.0,4.0,2.3333333333333335,782.5299999999997,Medium Profit
S01167,7/2/18,Sarabeth L,Nature Company,PMU Item,2249.06,2555.75,United States,RhodeIsland,2.0,4.0,4.0,3.3333333333333335,306.69000000000005,Small Profit
S01168,12/5/18,Sarabeth L,Sherman Williams,SSU Item,1323.1163,2242.57,United States,Connecticut,2.0,2.0,4.0,2.6666666666666665,919.4537000000003,Medium Profit
S01169,7/30/18,Sarabeth L,Yahoo,IEX Item,1054.8079,1787.81,United States,NewYork,3.0,2.0,5.0,3.3333333333333335,733.0020999999999,Medium Profit
S01170,10/15/17,Sarabeth L,Google,WCE Item,353.8348,599.72,United States,NewJersey,3.0,1.0,1.0,1.6666666666666667,245.88520000000005,Small Profit
S01171,9/1/17,Sarabeth L,Office Depot,NOD Item,425.4437,455.02,United States,Pennsylvania,4.0,3.0,2.0,3.0,29.576300000000003,Small Profit
S01172,12/6/17,Sarabeth L,Costco,ZBH Item,31.7492,46.69,United States,Maine,4.0,2.0,1.0,2.3333333333333335,14.9408,Small Profit
S01173,12/29/18,Sarabeth L,ExcelIsVeryFun.com,SNZ Item,13.896,30.88,United States,NewHampshire,3.0,5.0,1.0,3.0,16.983999999999998,Small Profit
S01174,3/21/18,Shannon L,McLendon's Hardware,IYR Item,4189.1417,9742.19,United States,Vermont,3.0,3.0,1.0,2.3333333333333335,5553.0483,Large Profit
S01175,8/28/17,Shannon L,Sherman Williams,ZKF Item,3543.2532,9576.36,United States,Massachusetts,1.0,2.0,4.0,2.3333333333333335,6033.1068000000005,Large Profit
S01176,10/7/17,Shannon L,Solar and Wind Inc.,SNB Item,5417.6814,9340.83,United States,RhodeIsland,2.0,2.0,1.0,1.6666666666666667,3923.1485999999995,Large Profit
S01177,6/2/18,Shannon L,The Economist,FAJ Item,6767.9475,9023.93,United States,Connecticut,2.0,5.0,4.0,3.6666666666666665,2255.9825,Large Profit
S01178,4/2/18,Shannon L,McLendon's Hardware,AHZ Item,3064.0884,8281.32,United States,NewYork,3.0,3.0,4.0,3.3333333333333335,5217.231599999999,Large Profit
S01179,8/24/18,Shannon L,Yahoo,PCZ Item,4788.7173,8116.47,United States,NewJersey,3.0,4.0,4.0,3.6666666666666665,3327.7527,Large Profit
S01180,3/11/18,Shannon L,ExcelIsVeryFun.com,OTS Item,6724.1504,7641.08,United States,Pennsylvania,3.0,4.0,3.0,3.3333333333333335,916.9295999999995,Medium Profit
S01181,9/15/17,Shannon L,ExcelIsVeryFun.com,TNX Item,2600.4858,7028.34,United States,Maine,1.0,1.0,1.0,1.0,4427.8542,Large Profit
S01182,6/12/19,Shannon L,Sherman Williams,SOC Item,2964.478,5389.96,United States,NewHampshire,4.0,3.0,2.0,3.0,2425.482,Large Profit
S01183,11/19/17,Shannon L,Solar and Wind Inc.,ONA Item,1795.573,4852.9,United States,Vermont,5.0,2.0,1.0,2.6666666666666665,3057.3269999999993,Large Profit
S01184,10/8/18,Shannon L,Sherman Williams,NZZ Item,2840.8854,4815.06,United States,Massachusetts,3.0,3.0,4.0,3.3333333333333335,1974.1746000000003,Medium Profit
S01185,9/15/18,Shannon L,Nature Company,ZMF Item,3251.3625,4335.15,United States,RhodeIsland,1.0,2.0,1.0,1.3333333333333333,1083.7874999999995,Medium Profit
S01186,4/7/19,Shannon L,McLendon's Hardware,PTC Item,2178.0853,3691.67,United States,Connecticut,1.0,1.0,3.0,1.6666666666666667,1513.5846999999999,Medium Profit
S01187,3/22/19,Shannon L,McLendon's Hardware,DQR Item,1547.5295,2813.69,United States,NewYork,1.0,3.0,5.0,3.0,1266.1605,Medium Profit
S01188,10/9/17,Shannon L,Google,NVR Item,1742.925,2323.9,United States,NewJersey,1.0,2.0,4.0,2.3333333333333335,580.9750000000001,Medium Profit
S01189,7/17/17,Shannon L,Nature Company,GLH Item,782.7325,1423.15,United States,Pennsylvania,2.0,5.0,3.0,3.3333333333333335,640.4175000000001,Medium Profit
S01190,5/9/18,Shannon L,ExcelIsVeryFun.com,DBA Item,810.8252,1192.39,United States,Maine,4.0,5.0,3.0,4.0,381.5648000000001,Small Profit
S01191,8/10/18,Shannon L,Costco,UZP Item,526.0794,891.66,United States,NewHampshire,1.0,1.0,2.0,1.3333333333333333,365.5806,Small Profit
S01192,4/14/19,Shannon L,Peet's Coffee,NXA Item,343.2195,762.71,United States,Vermont,2.0,1.0,4.0,2.3333333333333335,419.49050000000005,Small Profit
S01193,4/8/18,Shannon L,McLendon's Hardware,UTU Item,311.5725,415.43,United States,Massachusetts,4.0,2.0,4.0,3.3333333333333335,103.85750000000002,Small Profit
S01194,8/17/17,Shannon L,ExcelIsVeryFun.com,FWM Item,301.335,401.78,United States,RhodeIsland,4.0,1.0,4.0,3.0,100.445,Small Profit
S01195,5/29/19,Shannon L,Yahoo,TYG Item,305.0157,326.22,United States,Connecticut,3.0,2.0,1.0,2.0,21.204300000000046,Small Profit
S01196,9/18/17,Shannon L,The Economist,IUY Item,50.728,74.6,United States,NewYork,3.0,3.0,2.0,2.6666666666666665,23.871999999999993,Small Profit
S01197,1/29/18,Shuting,McLendon's Hardware,LJN Item,5831.5187,9883.93,United States,NewJersey,3.0,5.0,4.0,4.0,4052.4113000000007,Large Profit
S01198,8/19/18,Shuting,Office Depot,XZI Item,4217.7152,9808.64,United States,Pennsylvania,1.0,3.0,4.0,2.6666666666666665,5590.9248,Large Profit
S01199,3/17/19,Shuting,Sherman Williams,OCL Item,3308.4068,8941.64,United States,Maine,2.0,3.0,2.0,2.3333333333333335,5633.233199999999,Large Profit
S01200,2/6/19,Shuting,Peet's Coffee,GLG Item,3446.4242,8014.94,United States,NewHampshire,4.0,2.0,4.0,3.3333333333333335,4568.515799999999,Large Profit
S01201,10/31/17,Shuting,Whole Foods,ZCL Item,4549.0357,7710.23,United States,Vermont,2.0,2.0,1.0,1.6666666666666667,3161.194299999999,Large Profit
S01202,6/20/17,Shuting,Whole Foods,WEZ Item,4481.3686,7595.54,United States,Massachusetts,4.0,2.0,1.0,2.3333333333333335,3114.1714,Large Profit
S01203,3/18/19,Shuting,The Economist,TZF Item,4003.0485,7278.27,United States,RhodeIsland,5.0,3.0,1.0,3.0,3275.2215000000006,Large Profit
S01204,9/15/18,Shuting,Google,LXR Item,4150.4494,7034.66,United States,Connecticut,4.0,2.0,1.0,2.3333333333333335,2884.2105999999994,Large Profit
S01205,7/29/17,Shuting,Nature Company,DQA Item,3961.1656,6713.84,United States,NewYork,1.0,2.0,5.0,2.6666666666666665,2752.6744000000003,Large Profit
S01206,10/8/18,Shuting,Whole Foods,TYR Item,6220.4428,6652.88,United States,NewJersey,3.0,4.0,4.0,3.6666666666666665,432.4372000000003,Small Profit
S01207,8/18/17,Shuting,Whole Foods,VYM Item,2420.9618,6543.14,United States,Pennsylvania,5.0,5.0,4.0,4.666666666666667,4122.1782,Large Profit
S01208,5/26/19,Shuting,Nature Company,BXP Item,3631.5149,6155.11,United States,Maine,2.0,2.0,4.0,2.6666666666666665,2523.5950999999995,Large Profit
S01209,2/27/18,Shuting,Costco,ASI Item,5257.4896,5974.42,United States,NewHampshire,4.0,2.0,2.0,2.6666666666666665,716.9304000000002,Medium Profit
S01210,10/19/17,Shuting,ExcelIsVeryFun.com,ECV Item,3251.105,5911.1,United States,Vermont,1.0,3.0,1.0,1.6666666666666667,2659.9950000000003,Large Profit
S01211,12/14/17,Shuting,Office Depot,HOQ Item,5300.6646,5669.16,United States,Massachusetts,2.0,1.0,2.0,1.6666666666666667,368.4953999999998,Small Profit
S01212,10/31/17,Shuting,Whole Foods,YYC Item,3871.095,5161.46,United States,RhodeIsland,5.0,1.0,5.0,3.6666666666666665,1290.3650000000002,Medium Profit
S01213,11/11/18,Shuting,McLendon's Hardware,UCB Item,1803.8388,4875.24,United States,Connecticut,1.0,2.0,2.0,1.6666666666666667,3071.4012,Large Profit
S01214,6/2/19,Shuting,Whole Foods,FBZ Item,4304.3099,4603.54,United States,NewYork,4.0,3.0,3.0,3.3333333333333335,299.23009999999977,Small Profit
S01215,4/16/19,Shuting,Costco,WFJ Item,2986.6552,4392.14,United States,NewJersey,4.0,3.0,1.0,2.6666666666666665,1405.4848000000002,Medium Profit
S01216,3/6/19,Shuting,Solar and Wind Inc.,LOI Item,2356.684,4284.88,United States,Pennsylvania,4.0,3.0,2.0,3.0,1928.196,Medium Profit
S01217,3/1/19,Shuting,Sherman Williams,MKO Item,1885.707,4190.46,United States,Maine,2.0,5.0,5.0,4.0,2304.7529999999997,Large Profit
S01218,6/10/19,Shuting,Google,DVC Item,3411.56255,3648.73,United States,NewHampshire,4.0,2.0,5.0,3.6666666666666665,237.16744999999992,Small Profit
S01219,2/24/18,Shuting,Whole Foods,QIX Item,1958.9674,3377.53,United States,Vermont,4.0,4.0,4.0,4.0,1418.5626000000002,Medium Profit
S01220,3/26/18,Shuting,The Economist,JLN Item,1857.305,3202.25,United States,Massachusetts,1.0,4.0,2.0,2.3333333333333335,1344.945,Medium Profit
S01221,10/24/17,Shuting,Google,RPV Item,1515.5574,2613.03,United States,RhodeIsland,2.0,1.0,1.0,1.3333333333333333,1097.4726000000003,Medium Profit
S01222,9/16/17,Shuting,Yahoo,SZX Item,2182.1965,2333.9,United States,Connecticut,1.0,2.0,1.0,1.3333333333333333,151.70350000000008,Small Profit
S01223,1/1/19,Shuting,Whole Foods,EHO Item,1251.685,2121.5,United States,NewYork,5.0,4.0,4.0,4.333333333333333,869.815,Medium Profit
S01224,1/2/18,Shuting,Google,TRD Item,1373.6816,2020.12,United States,NewJersey,1.0,4.0,4.0,3.0,646.4384,Medium Profit
S01225,11/13/18,Shuting,Costco,UOP Item,833.0476,1937.32,United States,Pennsylvania,1.0,5.0,3.0,3.0,1104.2723999999998,Medium Profit
S01226,10/30/17,Shuting,Office Depot,GRM Item,1438.4744,1634.63,United States,Maine,5.0,1.0,5.0,3.6666666666666665,196.15560000000005,Small Profit
S01227,7/5/17,Shuting,Office Depot,GDN Item,746.295,1356.9,United States,NewHampshire,2.0,1.0,5.0,2.6666666666666665,610.6050000000001,Medium Profit
S01228,12/29/18,Shuting,McLendon's Hardware,LPY Item,687.2085,1249.47,United States,Vermont,1.0,2.0,3.0,2.0,562.2615000000001,Medium Profit
S01229,3/4/19,Shuting,The Economist,ZRF Item,361.3383,976.59,United States,Massachusetts,1.0,1.0,2.0,1.3333333333333333,615.2517,Medium Profit
S01230,6/28/18,Shuting,Sherman Williams,WTP Item,351.8182,950.86,United States,RhodeIsland,5.0,2.0,3.0,3.3333333333333335,599.0418,Medium Profit
S01231,3/24/19,Shuting,Costco,YCD Item,141.084,313.52,United States,Connecticut,4.0,2.0,2.0,2.6666666666666665,172.43599999999998,Small Profit
S01232,9/9/17,Suzanne M,Sherman Williams,LUR Item,9317.9669,9965.74,United States,NewYork,3.0,1.0,2.0,2.0,647.7731000000003,Medium Profit
S01233,9/28/18,Suzanne M,Sherman Williams,SGF Item,5666.4434,9769.73,United States,NewJersey,4.0,2.0,3.0,3.0,4103.286599999999,Large Profit
S01234,5/23/19,Suzanne M,Whole Foods,BZX Item,6767.508,7690.35,United States,Pennsylvania,5.0,5.0,2.0,4.0,922.8420000000006,Medium Profit
S01235,6/7/18,Suzanne M,Office Depot,BJH Item,3387.0825,7526.85,United States,Maine,1.0,5.0,3.0,3.0,4139.7675,Large Profit
S01236,9/4/17,Suzanne M,Google,MLA Item,5842.0824,6638.73,United States,NewHampshire,1.0,4.0,1.0,2.0,796.6475999999993,Medium Profit
S01237,1/14/18,Suzanne M,Amazon.com,TYX Item,2206.5098,5963.54,United States,Vermont,3.0,5.0,4.0,4.0,3757.0302,Large Profit
S01238,7/3/17,Suzanne M,ExcelIsVeryFun.com,UTE Item,3140.9235,5710.77,United States,Massachusetts,4.0,2.0,3.0,3.0,2569.8465000000006,Large Profit
S01239,10/4/17,Suzanne M,Sherman Williams,WWU Item,3946.725,5262.3,United States,RhodeIsland,1.0,5.0,4.0,3.3333333333333335,1315.5750000000003,Medium Profit
S01240,5/16/18,Suzanne M,Google,PQY Item,2887.7214,4978.83,United States,Connecticut,1.0,3.0,2.0,2.0,2091.1086,Large Profit
S01241,12/2/18,Suzanne M,Yahoo,CUM Item,2579.632,4690.24,United States,NewYork,5.0,4.0,4.0,4.333333333333333,2110.6079999999997,Large Profit
S01242,9/17/18,Suzanne M,McLendon's Hardware,TMF Item,1660.4823,4487.79,United States,NewJersey,2.0,2.0,1.0,1.6666666666666667,2827.3077000000003,Large Profit
S01243,11/20/18,Suzanne M,The Economist,XZF Item,1950.3045,4334.01,United States,Pennsylvania,2.0,3.0,5.0,3.3333333333333335,2383.7055,Large Profit
S01244,5/9/18,Suzanne M,Google,TOB Item,1858.3439,4321.73,United States,Maine,3.0,5.0,5.0,4.333333333333333,2463.3860999999997,Large Profit
S01245,12/4/18,Suzanne M,Solar and Wind Inc.,NRT Item,2348.5953,3980.67,United States,NewHampshire,2.0,3.0,4.0,3.0,1632.0747000000001,Medium Profit
S01246,6/16/19,Suzanne M,Google,QJV Item,1835.8972,3165.34,United States,Vermont,1.0,3.0,1.0,1.6666666666666667,1329.4428,Medium Profit
S01247,10/5/18,Suzanne M,Costco,RGS Item,1365.32,1551.5,United States,Massachusetts,5.0,4.0,2.0,3.6666666666666665,186.18000000000006,Small Profit
S01248,8/1/17,Suzanne M,Google,EHC Item,534.5754,906.06,United States,RhodeIsland,4.0,1.0,1.0,2.0,371.4846,Small Profit
S01249,7/27/17,Suzanne M,Solar and Wind Inc.,YPH Item,245.5024,663.52,United States,Connecticut,2.0,1.0,3.0,2.0,418.0176,Small Profit
S01250,2/1/19,Suzanne M,Google,IUW Item,141.7664,208.48,United States,NewYork,2.0,1.0,4.0,2.3333333333333335,66.71359999999999,Small Profit
S01251,11/17/18,Toni M,Costco,RGD Item,4276.9176,9946.32,United States,NewJersey,3.0,1.0,4.0,2.6666666666666665,5669.4024,Large Profit
S01252,4/20/19,Toni M,Yahoo,SQZ Item,5717.9142,9691.38,United States,Pennsylvania,4.0,3.0,1.0,2.6666666666666665,3973.465799999999,Large Profit
S01253,6/7/18,Toni M,Peet's Coffee,EED Item,5256.064,9556.48,United States,Maine,1.0,5.0,3.0,3.0,4300.415999999999,Large Profit
S01254,5/8/18,Toni M,Home Depot,UHI Item,4109.1316,9556.12,United States,NewHampshire,4.0,1.0,4.0,3.0,5446.988400000001,Large Profit
S01255,5/7/19,Toni M,Home Depot,YWZ Item,5026.5109,8519.51,United States,Vermont,3.0,2.0,5.0,3.3333333333333335,3492.9991,Large Profit
S01256,3/27/18,Toni M,ExcelIsVeryFun.com,LVK Item,4901.7082,8307.98,United States,Massachusetts,1.0,3.0,4.0,2.6666666666666665,3406.2717999999995,Large Profit
S01257,2/14/19,Toni M,The Economist,ULW Item,7539.5969,8063.74,United States,RhodeIsland,2.0,3.0,1.0,2.0,524.1431000000002,Medium Profit
S01258,7/18/18,Toni M,Home Depot,WSG Item,3885.475,7064.5,United States,Connecticut,4.0,5.0,1.0,3.3333333333333335,3179.025,Large Profit
S01259,4/3/19,Toni M,Amazon.com,IYC Item,6397.6814,6842.44,United States,NewYork,4.0,5.0,5.0,4.666666666666667,444.7585999999992,Small Profit
S01260,9/17/18,Toni M,Office Depot,TUL Item,2918.628,6485.84,United States,NewJersey,5.0,3.0,4.0,4.0,3567.212,Large Profit
S01261,7/1/18,Toni M,Peet's Coffee,TOE Item,2807.01,6237.8,United States,Pennsylvania,5.0,5.0,3.0,4.333333333333333,3430.79,Large Profit
S01262,7/29/18,Toni M,Home Depot,SYW Item,3218.325,5851.5,United States,Maine,2.0,4.0,3.0,3.0,2633.175,Large Profit
S01263,3/6/18,Toni M,Whole Foods,ENM Item,2567.0925,5704.65,United States,NewHampshire,5.0,3.0,5.0,4.333333333333333,3137.5574999999994,Large Profit
S01264,1/31/19,Toni M,Yahoo,QVI Item,3047.44,5540.8,United States,Vermont,2.0,5.0,3.0,3.3333333333333335,2493.36,Large Profit
S01265,12/4/18,Toni M,Office Depot,TXF Item,3171.5981,5375.59,United States,Massachusetts,4.0,5.0,2.0,3.6666666666666665,2203.9919,Large Profit
S01266,5/1/19,Toni M,McLendon's Hardware,MVT Item,3650.8996,5368.97,United States,RhodeIsland,1.0,3.0,3.0,2.3333333333333335,1718.0704,Medium Profit
S01267,3/11/19,Toni M,Google,SLB Item,3255.3096,4787.22,United States,Connecticut,5.0,5.0,2.0,4.0,1531.9104000000002,Medium Profit
S01268,5/13/19,Toni M,Whole Foods,ODT Item,2076.525,4614.5,United States,NewYork,5.0,3.0,4.0,4.0,2537.975,Large Profit
S01269,9/2/17,Toni M,Amazon.com,YLF Item,3719.6368,4226.86,United States,NewJersey,5.0,3.0,3.0,3.6666666666666665,507.22319999999945,Medium Profit
S01270,2/6/19,Toni M,Google,NFU Item,1549.9744,4189.12,United States,Pennsylvania,3.0,4.0,5.0,4.0,2639.1456,Large Profit
S01271,1/3/19,Toni M,Solar and Wind Inc.,PTM Item,3072.9336,3286.56,United States,Maine,1.0,2.0,5.0,2.6666666666666665,213.6264000000001,Small Profit
S01272,12/9/17,Toni M,McLendon's Hardware,BDM Item,1918.1962,3251.18,United States,NewHampshire,1.0,5.0,4.0,3.3333333333333335,1332.9837999999997,Medium Profit
S01273,12/17/18,Toni M,Yahoo,ZHN Item,1382.0286,3214.02,United States,Vermont,1.0,5.0,2.0,2.6666666666666665,1831.9913999999999,Medium Profit
S01274,1/29/19,Toni M,ExcelIsVeryFun.com,PSG Item,2809.7498,3005.08,United States,Massachusetts,5.0,2.0,3.0,3.3333333333333335,195.33019999999988,Small Profit
S01275,9/26/18,Toni M,The Economist,JTV Item,1731.3522,2985.09,United States,RhodeIsland,3.0,1.0,4.0,2.6666666666666665,1253.7378,Medium Profit
S01276,6/5/19,Toni M,The Economist,DMN Item,1755.658,2581.85,United States,Connecticut,2.0,3.0,1.0,2.0,826.192,Medium Profit
S01277,8/27/17,Toni M,The Economist,VBF Item,1441.1399,2442.61,United States,NewYork,1.0,2.0,4.0,2.3333333333333335,1001.4701000000002,Medium Profit
S01278,12/21/17,Toni M,Solar and Wind Inc.,HQD Item,1246.3055,2266.01,United States,NewJersey,3.0,3.0,1.0,2.3333333333333335,1019.7045000000003,Medium Profit
S01279,4/4/19,Toni M,Nature Company,KVA Item,1070.9503,1815.17,United States,Pennsylvania,2.0,1.0,2.0,1.6666666666666667,744.2197000000001,Medium Profit
S01280,2/27/18,Toni M,Office Depot,YLV Item,582.6844,1355.08,United States,Maine,2.0,1.0,3.0,2.0,772.3956,Medium Profit
S01281,11/6/17,Toni M,Nature Company,BCD Item,563.563,1024.66,United States,NewHampshire,1.0,4.0,1.0,2.0,461.0970000000001,Small Profit
S01282,6/24/17,Toni M,Sherman Williams,JFE Item,379.566,690.12,United States,Vermont,5.0,3.0,3.0,3.6666666666666665,310.55400000000003,Small Profit
S01283,2/12/19,Toni M,Yahoo,EXO Item,236.19035,252.61,United States,Massachusetts,3.0,3.0,2.0,2.6666666666666665,16.41965000000002,Small Profit
S01284,1/18/18,Tonya J,Amazon.com,TQL Item,3657.2835,9884.55,United States,RhodeIsland,4.0,2.0,4.0,3.3333333333333335,6227.2665,Large Profit
S01285,6/2/18,Tonya J,Solar and Wind Inc.,MVG Item,6662.5244,9797.83,United States,Connecticut,5.0,5.0,3.0,4.333333333333333,3135.3055999999997,Large Profit
S01286,7/28/18,Tonya J,ExcelIsVeryFun.com,QJC Item,7014.885,9353.18,United States,NewYork,5.0,2.0,1.0,2.6666666666666665,2338.295,Large Profit
S01287,5/14/19,Tonya J,Home Depot,ZNN Item,5409.0278,9325.91,United States,NewJersey,2.0,1.0,4.0,2.3333333333333335,3916.8822,Large Profit
S01288,7/17/17,Tonya J,The Economist,BDO Item,5456.0014,9247.46,United States,Pennsylvania,2.0,5.0,3.0,3.3333333333333335,3791.458599999999,Large Profit
S01289,11/4/17,Tonya J,Costco,ZRS Item,8100.62,9205.25,United States,Maine,1.0,4.0,3.0,2.6666666666666665,1104.63,Medium Profit
S01290,7/21/17,Tonya J,Amazon.com,QRA Item,6587.7,8783.6,United States,NewHampshire,2.0,2.0,5.0,3.0,2195.9000000000005,Large Profit
S01291,2/16/18,Tonya J,Home Depot,BSV Item,5085.1274,8618.86,United States,Vermont,4.0,3.0,1.0,2.6666666666666665,3533.7326000000003,Large Profit
S01292,9/13/18,Tonya J,The Economist,QYU Item,4882.3182,8417.79,United States,Massachusetts,5.0,3.0,1.0,3.0,3535.471800000001,Large Profit
S01293,6/4/18,Tonya J,Sherman Williams,JZZ Item,7251.8688,8240.76,United States,RhodeIsland,1.0,3.0,3.0,2.3333333333333335,988.8912,Medium Profit
S01294,5/13/18,Tonya J,Peet's Coffee,BTJ Item,4431.1188,7639.86,United States,Connecticut,4.0,4.0,5.0,4.333333333333333,3208.7411999999995,Large Profit
S01295,4/22/18,Tonya J,Solar and Wind Inc.,WYF Item,3210.6595,7466.65,United States,NewYork,3.0,3.0,3.0,3.0,4255.9905,Large Profit
S01296,3/18/18,Tonya J,Google,AAY Item,6938.7659,7421.14,United States,NewJersey,2.0,2.0,4.0,2.6666666666666665,482.3741,Small Profit
S01297,6/24/17,Tonya J,Solar and Wind Inc.,ANS Item,2729.8489,7377.97,United States,Pennsylvania,1.0,2.0,1.0,1.3333333333333333,4648.1211,Large Profit
S01298,12/4/18,Tonya J,Google,OLK Item,5219.731,5582.6,United States,Maine,1.0,1.0,4.0,2.0,362.8690000000006,Small Profit
S01299,6/8/18,Tonya J,Whole Foods,BSI Item,2426.346,5391.88,United States,NewHampshire,2.0,1.0,3.0,2.0,2965.534,Large Profit
S01300,1/27/18,Tonya J,McLendon's Hardware,IUJ Item,4856.2965,5193.9,United States,Vermont,2.0,2.0,4.0,2.6666666666666665,337.60349999999926,Small Profit
S01301,11/23/18,Tonya J,Amazon.com,PFD Item,3666.6375,4888.85,United States,Massachusetts,2.0,3.0,5.0,3.3333333333333335,1222.2125000000005,Medium Profit
S01302,12/7/17,Tonya J,Sherman Williams,JGF Item,2845.9004,4823.56,United States,RhodeIsland,2.0,2.0,3.0,2.3333333333333335,1977.6596000000004,Medium Profit
S01303,2/25/18,Tonya J,Home Depot,FLZ Item,1515.2425,4095.25,United States,Connecticut,2.0,1.0,5.0,2.6666666666666665,2580.0074999999997,Large Profit
S01304,6/28/18,Tonya J,Whole Foods,UDS Item,3354.5776,3812.02,United States,NewYork,5.0,5.0,5.0,5.0,457.4423999999999,Small Profit
S01305,8/8/18,Tonya J,Yahoo,SCW Item,2237.4629,3792.31,United States,NewJersey,1.0,4.0,1.0,2.0,1554.8471,Medium Profit
S01306,5/3/19,Tonya J,Google,MHX Item,2075.59,3773.8,United States,Pennsylvania,4.0,3.0,3.0,3.3333333333333335,1698.21,Medium Profit
S01307,12/26/18,Tonya J,Amazon.com,ZND Item,3309.46,3760.75,United States,Maine,4.0,2.0,4.0,3.3333333333333335,451.28999999999996,Small Profit
S01308,6/9/18,Tonya J,Office Depot,YFZ Item,1201.1828,3246.44,United States,NewHampshire,4.0,2.0,4.0,3.3333333333333335,2045.2572,Large Profit
S01309,4/19/19,Tonya J,Home Depot,ZEQ Item,2382.945,3177.26,United States,Vermont,5.0,3.0,5.0,4.333333333333333,794.315,Medium Profit
S01310,3/18/18,Tonya J,Peet's Coffee,WOU Item,2600.9643,2781.78,United States,Massachusetts,4.0,1.0,2.0,2.3333333333333335,180.8157000000001,Small Profit
S01311,10/15/18,Tonya J,Home Depot,IMG Item,1509.893,2745.26,United States,RhodeIsland,2.0,2.0,1.0,1.6666666666666667,1235.3670000000002,Medium Profit
S01312,5/19/18,Tonya J,Peet's Coffee,QLL Item,1319.846,2399.72,United States,Connecticut,2.0,5.0,1.0,2.6666666666666665,1079.8739999999998,Medium Profit
S01313,6/22/18,Tonya J,The Economist,DIV Item,656.5756,1526.92,United States,NewYork,5.0,4.0,3.0,4.0,870.3444000000001,Medium Profit
S01314,11/28/18,Tonya J,Solar and Wind Inc.,EKI Item,150.7385,274.07,United States,NewJersey,5.0,2.0,5.0,4.0,123.3315,Small Profit
S01315,4/14/19,Tonya J,Sherman Williams,GIJ Item,189.83305,203.03,United States,Pennsylvania,4.0,3.0,4.0,3.6666666666666665,13.196950000000015,Small Profit
S01316,7/6/18,Tonya J,Solar and Wind Inc.,OWD Item,8.9385,15.15,United States,Maine,5.0,4.0,2.0,3.6666666666666665,6.211500000000001,Small Profit
S01317,6/8/19,Vivien R,Sherman Williams,SWQ Item,4295.7172,9990.04,United States,NewHampshire,4.0,3.0,3.0,3.3333333333333335,5694.322800000001,Large Profit
S01318,12/28/17,Vivien R,Yahoo,JXK Item,3621.7487,9788.51,United States,Vermont,2.0,2.0,3.0,2.3333333333333335,6166.7613,Large Profit
S01319,8/3/17,Vivien R,Solar and Wind Inc.,MMS Item,8930.00735,9550.81,United States,Massachusetts,4.0,5.0,5.0,4.666666666666667,620.8026499999996,Medium Profit
S01320,10/30/17,Vivien R,Solar and Wind Inc.,MXH Item,5628.1752,9539.28,United States,RhodeIsland,3.0,4.0,3.0,3.3333333333333335,3911.104800000001,Large Profit
S01321,9/29/18,Vivien R,Amazon.com,HHN Item,6424.8304,9448.28,United States,Connecticut,1.0,5.0,3.0,3.0,3023.449600000001,Large Profit
S01322,9/10/17,Vivien R,Peet's Coffee,NLH Item,6481.875,8642.5,United States,NewYork,4.0,1.0,1.0,2.0,2160.625,Large Profit
S01323,6/19/17,Vivien R,Amazon.com,IRH Item,3623.9411,8427.77,United States,NewJersey,1.0,5.0,3.0,3.0,4803.8289,Large Profit
S01324,8/1/17,Vivien R,ExcelIsVeryFun.com,JFF Item,3565.9298,8292.86,United States,Pennsylvania,1.0,1.0,4.0,2.0,4726.930200000001,Large Profit
S01325,11/8/18,Vivien R,ExcelIsVeryFun.com,VQK Item,7205.11,7706.0,United States,Maine,3.0,3.0,3.0,3.0,500.8900000000003,Medium Profit
S01326,10/13/18,Vivien R,The Economist,MVK Item,2735.8984,7394.32,United States,NewHampshire,1.0,1.0,3.0,1.6666666666666667,4658.4216,Large Profit
S01327,8/4/18,Vivien R,Whole Foods,BAN Item,2881.4257,6700.99,United States,Vermont,4.0,5.0,5.0,4.666666666666667,3819.5643,Large Profit
S01328,10/26/17,Vivien R,ExcelIsVeryFun.com,ZAH Item,5841.5896,6638.17,United States,Massachusetts,1.0,1.0,1.0,1.0,796.5803999999998,Medium Profit
S01329,10/17/18,Vivien R,ExcelIsVeryFun.com,ZAP Item,1850.8362,5002.26,United States,RhodeIsland,2.0,5.0,5.0,4.0,3151.4238000000005,Large Profit
S01330,8/20/17,Vivien R,Costco,KLP Item,2734.8742,4635.38,United States,Connecticut,4.0,5.0,4.0,4.333333333333333,1900.5058,Medium Profit
S01331,12/1/18,Vivien R,McLendon's Hardware,TQR Item,3436.89,4582.52,United States,NewYork,5.0,3.0,5.0,4.333333333333333,1145.6300000000006,Medium Profit
S01332,9/23/17,Vivien R,Yahoo,JKT Item,1559.4982,3626.74,United States,NewJersey,5.0,3.0,4.0,4.0,2067.2418,Large Profit
S01333,3/23/19,Vivien R,Costco,TSF Item,1496.693,2721.26,United States,Pennsylvania,1.0,2.0,4.0,2.3333333333333335,1224.5670000000002,Medium Profit
S01334,1/5/19,Vivien R,Google,GNZ Item,849.0645,1886.81,United States,Maine,1.0,1.0,5.0,2.3333333333333335,1037.7455,Medium Profit
S01335,11/1/17,Vivien R,Home Depot,XIA Item,1283.5119,1372.74,United States,NewHampshire,1.0,4.0,1.0,2.0,89.22810000000004,Small Profit
S01336,8/13/17,Vivien R,The Economist,UDT Item,425.3024,733.28,United States,Vermont,2.0,2.0,3.0,2.3333333333333335,307.9776,Small Profit
S01337,5/12/18,Vivien R,Costco,XNK Item,366.0338,391.48,United States,Massachusetts,4.0,1.0,3.0,2.6666666666666665,25.446200000000033,Small Profit
S01338,12/11/17,Abdisamad A,Nature Company,DXO Item,6585.66,8780.88,United States,Alabama,2.0,4.0,4.0,3.3333333333333335,2195.2199999999993,Large Profit
S01339,2/16/18,Abdisamad A,The Economist,XHR Item,4271.12,7364.0,United States,Florida,5.0,3.0,4.0,4.0,3092.88,Large Profit
S01340,1/22/19,Abdisamad A,Amazon.com,HVV Item,4517.7976,6643.82,United States,Georgia,2.0,2.0,1.0,1.6666666666666667,2126.0224,Large Profit
S01341,8/22/17,Abdisamad A,Sherman Williams,YVD Item,3605.8735,6111.65,United States,Kentucky,5.0,1.0,5.0,3.6666666666666665,2505.7764999999995,Large Profit
S01342,8/27/17,Abdisamad A,The Economist,RHL Item,4356.9675,5809.29,United States,Mississippi,1.0,3.0,4.0,2.6666666666666665,1452.3225000000002,Medium Profit
S01343,7/27/18,Abdisamad A,Costco,IBV Item,2807.343,5104.26,United States,NorthCarolina,2.0,4.0,4.0,3.3333333333333335,2296.9170000000004,Large Profit
S01344,12/22/17,Abdisamad A,Solar and Wind Inc.,LOR Item,3799.3032,4317.39,United States,SouthCarolina,3.0,2.0,1.0,2.0,518.0868000000005,Medium Profit
S01345,6/9/19,Abdisamad A,Google,KDI Item,2478.708,4201.2,United States,Tennessee,3.0,3.0,5.0,3.6666666666666665,1722.4919999999997,Medium Profit
S01346,9/13/18,Abdisamad A,Costco,STG Item,2402.1142,4071.38,United States,Maryland,4.0,3.0,2.0,3.0,1669.2658000000001,Medium Profit
S01347,1/5/19,Abdisamad A,Yahoo,APF Item,1349.8266,3648.18,United States,Virginia,1.0,2.0,2.0,1.6666666666666667,2298.3534,Large Profit
S01348,1/28/19,Abdisamad A,ExcelIsVeryFun.com,EDS Item,3277.44615,3505.29,United States,Alabama,5.0,2.0,2.0,3.0,227.84384999999975,Small Profit
S01349,7/22/17,Abdisamad A,Peet's Coffee,QNN Item,1926.5388,3265.32,United States,Florida,1.0,1.0,4.0,2.0,1338.7812000000001,Medium Profit
S01350,12/15/17,Abdisamad A,Amazon.com,YTL Item,1378.5929,3206.03,United States,Georgia,5.0,2.0,4.0,3.6666666666666665,1827.4371,Medium Profit
S01351,11/30/18,Abdisamad A,Sherman Williams,DYD Item,1279.4209,2168.51,United States,Kentucky,1.0,2.0,4.0,2.3333333333333335,889.0891000000001,Medium Profit
S01352,6/21/17,Abdisamad A,Office Depot,BHL Item,285.0771,662.97,United States,Mississippi,1.0,1.0,4.0,2.0,377.89290000000005,Small Profit
S01353,8/3/17,Abdisamad A,Costco,ZHW Item,421.6168,479.11,United States,NorthCarolina,5.0,4.0,3.0,4.0,57.4932,Small Profit
S01354,10/10/18,Analyssa C,Sherman Williams,APP Item,4141.4074,9631.18,United States,SouthCarolina,5.0,5.0,3.0,4.333333333333333,5489.7726,Large Profit
S01355,5/1/18,Analyssa C,Whole Foods,NAE Item,3877.478,7049.96,United States,Tennessee,3.0,4.0,5.0,4.0,3172.482,Large Profit
S01356,12/15/17,Analyssa C,Peet's Coffee,LDK Item,6418.87785,6865.11,United States,Maryland,1.0,4.0,2.0,2.3333333333333335,446.2321499999998,Small Profit
S01357,9/4/17,Analyssa C,McLendon's Hardware,KKV Item,2356.7913,5480.91,United States,Virginia,2.0,1.0,2.0,1.6666666666666667,3124.1187,Large Profit
S01358,5/5/19,Analyssa C,Yahoo,MTS Item,1974.5041,4591.87,United States,Alabama,3.0,1.0,2.0,2.0,2617.3659,Large Profit
S01359,9/12/18,Analyssa C,The Economist,DUJ Item,2381.247,4329.54,United States,Florida,4.0,5.0,2.0,3.6666666666666665,1948.2930000000001,Medium Profit
S01360,2/9/18,Analyssa C,Whole Foods,FCJ Item,2890.395,3853.86,United States,Georgia,1.0,4.0,5.0,3.3333333333333335,963.4650000000001,Medium Profit
S01361,7/3/17,Analyssa C,The Economist,RAB Item,1265.751,2812.78,United States,Kentucky,3.0,2.0,3.0,2.6666666666666665,1547.0290000000002,Medium Profit
S01362,4/27/19,Analyssa C,Sherman Williams,UBW Item,1186.6409,2759.63,United States,Mississippi,5.0,4.0,5.0,4.666666666666667,1572.9891,Medium Profit
S01363,8/17/18,Analyssa C,Amazon.com,XZZ Item,1738.624,2556.8,United States,NorthCarolina,5.0,1.0,3.0,3.0,818.1760000000002,Medium Profit
S01364,9/5/17,Analyssa C,Office Depot,VHD Item,965.3328,2244.96,United States,SouthCarolina,5.0,5.0,1.0,3.6666666666666665,1279.6272,Medium Profit
S01365,2/3/18,Analyssa C,Google,QBL Item,862.8595,2006.65,United States,Tennessee,4.0,1.0,3.0,2.6666666666666665,1143.7905,Medium Profit
S01366,6/5/18,Analyssa C,Google,UWT Item,246.1836,572.52,United States,Maryland,1.0,4.0,4.0,3.0,326.33639999999997,Small Profit
S01367,6/1/19,Analyssa C,Office Depot,VWY Item,296.5985,539.27,United States,Virginia,5.0,3.0,4.0,4.0,242.67149999999998,Small Profit
S01368,2/26/19,Analyssa C,Home Depot,JHF Item,15.062,22.15,United States,Alabama,1.0,2.0,5.0,2.6666666666666665,7.087999999999999,Small Profit
S01369,1/23/18,Anastasiya A,Home Depot,MEH Item,3497.4842,9452.66,United States,Florida,5.0,1.0,3.0,3.0,5955.1758,Large Profit
S01370,6/21/17,Anastasiya A,Sherman Williams,QAL Item,8555.8484,9150.64,United States,Georgia,3.0,1.0,4.0,2.6666666666666665,594.7915999999987,Medium Profit
S01371,9/28/17,Anastasiya A,Google,RKM Item,3581.3565,7958.57,United States,Kentucky,4.0,4.0,1.0,3.0,4377.2135,Large Profit
S01372,5/8/18,Anastasiya A,Amazon.com,LDF Item,2864.6399,7742.27,United States,Mississippi,1.0,2.0,4.0,2.3333333333333335,4877.6301,Large Profit
S01373,4/29/19,Anastasiya A,The Economist,JGL Item,3491.3835,6347.97,United States,NorthCarolina,4.0,1.0,2.0,2.3333333333333335,2856.5865000000003,Large Profit
S01374,11/10/17,Anastasiya A,Nature Company,MUU Item,4171.4396,6134.47,United States,SouthCarolina,2.0,4.0,1.0,2.3333333333333335,1963.0304000000006,Medium Profit
S01375,10/3/17,Anastasiya A,Yahoo,RHG Item,2067.7635,5588.55,United States,Tennessee,1.0,2.0,2.0,1.6666666666666667,3520.7865,Large Profit
S01376,2/20/19,Anastasiya A,Sherman Williams,MWX Item,2350.134,5222.52,United States,Maryland,5.0,1.0,1.0,2.3333333333333335,2872.3860000000004,Large Profit
S01377,5/7/19,Anastasiya A,Costco,JIM Item,4677.2253,5002.38,United States,Virginia,1.0,5.0,3.0,3.0,325.15470000000005,Small Profit
S01378,1/6/18,Anastasiya A,Nature Company,TZE Item,2795.4613,4738.07,United States,Alabama,3.0,5.0,2.0,3.3333333333333335,1942.6086999999998,Medium Profit
S01379,12/9/17,Anastasiya A,Home Depot,KBY Item,2935.0364,4316.23,United States,Florida,3.0,5.0,4.0,4.0,1381.1935999999996,Medium Profit
S01380,1/7/18,Anastasiya A,Peet's Coffee,UGW Item,1406.34,3125.2,United States,Georgia,3.0,1.0,4.0,2.6666666666666665,1718.86,Medium Profit
S01381,4/27/18,Anastasiya A,ExcelIsVeryFun.com,BLF Item,1942.1775,2589.57,United States,Kentucky,1.0,5.0,2.0,2.6666666666666665,647.3925000000002,Medium Profit
S01382,2/10/19,Anastasiya A,Solar and Wind Inc.,BGP Item,1022.85,2273.0,United States,Mississippi,5.0,1.0,5.0,3.6666666666666665,1250.15,Medium Profit
S01383,7/2/17,Anastasiya A,Google,UOZ Item,899.5974,1551.03,United States,NorthCarolina,5.0,2.0,1.0,2.6666666666666665,651.4326,Medium Profit
S01384,5/2/19,Anastasiya A,Whole Foods,YRP Item,1265.308,1437.85,United States,SouthCarolina,4.0,5.0,2.0,3.6666666666666665,172.54199999999992,Small Profit
S01385,10/11/17,Anastasiya A,Costco,JUQ Item,1094.3504,1243.58,United States,Tennessee,5.0,3.0,4.0,4.0,149.2295999999999,Small Profit
S01386,11/16/17,Barbara C,The Economist,CRF Item,5399.017,9308.65,United States,Maryland,4.0,4.0,3.0,3.6666666666666665,3909.633,Large Profit
S01387,4/17/19,Barbara C,Whole Foods,YXT Item,3781.3185,8402.93,United States,Virginia,2.0,3.0,4.0,3.0,4621.611500000001,Large Profit
S01388,3/19/18,Barbara C,Whole Foods,NEE Item,4351.8046,7375.94,United States,Alabama,5.0,1.0,2.0,2.6666666666666665,3024.135399999999,Large Profit
S01389,12/1/18,Barbara C,Yahoo,VSH Item,5728.7472,6509.94,United States,Florida,2.0,2.0,1.0,1.6666666666666667,781.1927999999998,Medium Profit
S01390,6/1/18,Barbara C,The Economist,ZEK Item,4504.0275,6005.37,United States,Georgia,5.0,1.0,4.0,3.3333333333333335,1501.3424999999997,Medium Profit
S01391,9/19/17,Barbara C,Costco,PPK Item,5342.11315,5713.49,United States,Kentucky,3.0,2.0,3.0,2.6666666666666665,371.37684999999965,Small Profit
S01392,9/15/18,Barbara C,Google,ATD Item,5016.6864,5700.78,United States,Mississippi,3.0,5.0,2.0,3.3333333333333335,684.0936000000002,Medium Profit
S01393,9/30/17,Barbara C,ExcelIsVeryFun.com,AYR Item,2121.6735,4714.83,United States,NorthCarolina,4.0,2.0,2.0,2.6666666666666665,2593.1565,Large Profit
S01394,1/28/19,Barbara C,McLendon's Hardware,ACF Item,3479.96,3954.5,United States,SouthCarolina,2.0,5.0,2.0,3.0,474.53999999999996,Small Profit
S01395,7/15/18,Barbara C,Solar and Wind Inc.,NDJ Item,2844.6792,3232.59,United States,Tennessee,4.0,5.0,1.0,3.3333333333333335,387.9108000000001,Small Profit
S01396,12/7/18,Barbara C,Office Depot,LVF Item,1857.497,3148.3,United States,Maryland,4.0,3.0,5.0,4.0,1290.803,Medium Profit
S01397,8/21/17,Barbara C,Costco,CVS Item,1381.9096,2032.22,United States,Virginia,2.0,1.0,3.0,2.0,650.3104000000001,Medium Profit
S01398,6/15/19,Barbara C,Solar and Wind Inc.,JFA Item,736.252,836.65,United States,Alabama,2.0,2.0,1.0,1.6666666666666667,100.39800000000002,Small Profit
S01399,8/25/18,Barbara C,Solar and Wind Inc.,IFT Item,274.968,611.04,United States,Florida,1.0,3.0,4.0,2.6666666666666665,336.07199999999995,Small Profit
S01400,11/21/17,Catherine W,Sherman Williams,WYL Item,7479.7888,8499.76,United States,Georgia,5.0,2.0,1.0,2.6666666666666665,1019.9712,Medium Profit
S01401,10/9/17,Catherine W,Nature Company,CDR Item,5723.322,8416.65,United States,Kentucky,5.0,2.0,3.0,3.3333333333333335,2693.3279999999995,Large Profit
S01402,2/20/18,Catherine W,Yahoo,UJQ Item,4808.461,8290.45,United States,Mississippi,1.0,4.0,4.0,3.0,3481.9890000000005,Large Profit
S01403,11/16/17,Catherine W,ExcelIsVeryFun.com,USD Item,3608.3835,8018.63,United States,NorthCarolina,4.0,1.0,4.0,3.0,4410.2465,Large Profit
S01404,1/12/18,Catherine W,ExcelIsVeryFun.com,KOQ Item,3836.5085,6975.47,United States,SouthCarolina,5.0,4.0,1.0,3.3333333333333335,3138.9615000000003,Large Profit
S01405,1/29/18,Catherine W,The Economist,CSI Item,5142.9075,6857.21,United States,Tennessee,1.0,2.0,1.0,1.3333333333333333,1714.3024999999998,Medium Profit
S01406,12/21/18,Catherine W,Home Depot,UTS Item,2032.7171,5493.83,United States,Maryland,4.0,4.0,4.0,4.0,3461.1129,Large Profit
S01407,8/3/17,Catherine W,The Economist,FBG Item,3972.4256,4514.12,United States,Virginia,5.0,3.0,2.0,3.3333333333333335,541.6943999999999,Medium Profit
S01408,7/13/18,Catherine W,Home Depot,UJE Item,1612.1085,4357.05,United States,Alabama,3.0,5.0,2.0,3.3333333333333335,2744.9415,Large Profit
S01409,3/25/18,Catherine W,Sherman Williams,SMG Item,2360.19,3146.92,United States,Florida,1.0,1.0,3.0,1.6666666666666667,786.73,Medium Profit
S01410,12/18/17,Catherine W,Whole Foods,CUV Item,758.1889,1763.23,United States,Georgia,1.0,4.0,4.0,3.0,1005.0411,Medium Profit
S01411,12/18/17,Catherine W,Office Depot,EMO Item,331.2614,561.46,United States,Kentucky,3.0,1.0,3.0,2.3333333333333335,230.19860000000006,Small Profit
S01412,9/16/18,Cherry M,McLendon's Hardware,MUR Item,4240.0967,9860.69,United States,Mississippi,5.0,1.0,4.0,3.3333333333333335,5620.5933,Large Profit
S01413,2/13/19,Cherry M,Sherman Williams,WSD Item,6647.9775,8863.97,United States,NorthCarolina,5.0,4.0,4.0,4.333333333333333,2215.9924999999994,Large Profit
S01414,9/18/17,Cherry M,Yahoo,GGW Item,4373.8032,7541.04,United States,SouthCarolina,4.0,4.0,3.0,3.6666666666666665,3167.2367999999997,Large Profit
S01415,9/18/18,Cherry M,Yahoo,ZUL Item,3598.8478,6204.91,United States,Tennessee,4.0,4.0,2.0,3.3333333333333335,2606.0622,Large Profit
S01416,9/23/17,Cherry M,Peet's Coffee,VGB Item,3280.3524,5655.78,United States,Maryland,2.0,1.0,1.0,1.3333333333333333,2375.4275999999995,Large Profit
S01417,7/7/18,Cherry M,Sherman Williams,WNZ Item,3014.3905,5480.71,United States,Virginia,3.0,3.0,3.0,3.0,2466.3195,Large Profit
S01418,7/14/18,Cherry M,Office Depot,XBF Item,2178.7928,5066.96,United States,Alabama,2.0,2.0,4.0,2.6666666666666665,2888.1672,Large Profit
S01419,12/29/17,Cherry M,The Economist,PUZ Item,1776.5587,4801.51,United States,Florida,1.0,5.0,2.0,2.6666666666666665,3024.9513,Large Profit
S01420,11/2/17,Cherry M,ExcelIsVeryFun.com,PBJ Item,3549.615,4732.82,United States,Georgia,5.0,4.0,4.0,4.333333333333333,1183.205,Medium Profit
S01421,6/23/17,Cherry M,Google,PQT Item,1707.8127,4615.71,United States,Kentucky,3.0,2.0,5.0,3.3333333333333335,2907.8973,Large Profit
S01422,2/11/19,Cherry M,Amazon.com,MBS Item,2570.7332,3780.49,United States,Mississippi,2.0,3.0,3.0,2.6666666666666665,1209.7567999999997,Medium Profit
S01423,6/8/19,Cherry M,ExcelIsVeryFun.com,CSL Item,1563.0156,3634.92,United States,NorthCarolina,1.0,5.0,1.0,2.3333333333333335,2071.9044000000004,Large Profit
S01424,9/21/17,Cherry M,ExcelIsVeryFun.com,ZLA Item,1101.1422,2976.06,United States,SouthCarolina,4.0,2.0,4.0,3.3333333333333335,1874.9178,Medium Profit
S01425,11/2/18,Cherry M,Whole Foods,KQJ Item,1336.6155,2430.21,United States,Tennessee,4.0,1.0,3.0,2.6666666666666665,1093.5945,Medium Profit
S01426,5/3/19,Cherry M,Costco,RMZ Item,1978.15145,2115.67,United States,Maryland,4.0,5.0,3.0,4.0,137.51855,Small Profit
S01427,8/1/18,Cherry M,ExcelIsVeryFun.com,YVJ Item,1375.0212,2022.09,United States,Virginia,1.0,4.0,1.0,2.0,647.0688,Medium Profit
S01428,1/9/19,Cherry M,Office Depot,FFW Item,1222.62,1630.16,United States,Alabama,5.0,4.0,5.0,4.666666666666667,407.5400000000002,Small Profit
S01429,10/21/18,Cherry M,Solar and Wind Inc.,VNM Item,779.9275,1418.05,United States,Florida,2.0,3.0,5.0,3.3333333333333335,638.1225,Medium Profit
S01430,10/22/18,Cherry M,Amazon.com,FDU Item,113.6773,121.58,United States,Georgia,5.0,4.0,2.0,3.6666666666666665,7.902699999999996,Small Profit
S01431,10/15/17,Cherry M,Yahoo,AWH Item,56.5725,75.43,United States,Kentucky,4.0,3.0,2.0,3.0,18.85750000000001,Small Profit
S01432,5/15/18,Dan,The Economist,MDC Item,5428.2832,9200.48,United States,Mississippi,2.0,1.0,3.0,2.0,3772.1967999999997,Large Profit
S01433,10/7/18,Dan,Amazon.com,AIM Item,3641.6344,6278.68,United States,NorthCarolina,3.0,2.0,2.0,2.3333333333333335,2637.0456000000004,Large Profit
S01434,12/9/18,Dan,Amazon.com,TRT Item,3923.2192,5769.44,United States,SouthCarolina,4.0,4.0,4.0,4.0,1846.2207999999996,Medium Profit
S01435,9/25/18,Dan,Costco,UGN Item,1503.7125,2004.95,United States,Tennessee,5.0,2.0,2.0,3.0,501.23749999999995,Medium Profit
S01436,3/20/18,Dan,Yahoo,HXL Item,877.4865,1595.43,United States,Maryland,3.0,4.0,2.0,3.0,717.9435000000001,Medium Profit
S01437,8/13/17,Dan,Costco,SHZ Item,852.832,1470.4,United States,Virginia,4.0,2.0,2.0,2.6666666666666665,617.5680000000001,Medium Profit
S01438,5/21/18,Dan,Yahoo,CQC Item,268.9725,358.63,United States,Alabama,1.0,1.0,3.0,1.6666666666666667,89.65749999999997,Small Profit
S01439,1/15/19,Dan,Whole Foods,NGX Item,78.9093,183.51,United States,Florida,5.0,4.0,1.0,3.3333333333333335,104.60069999999999,Small Profit
S01440,6/15/19,Dana L,Amazon.com,ZON Item,5406.2703,9163.17,United States,Georgia,1.0,4.0,3.0,2.6666666666666665,3756.8997,Large Profit
S01441,2/14/18,Dana L,Yahoo,CHU Item,8318.6202,8896.92,United States,Kentucky,5.0,3.0,1.0,3.0,578.2998000000007,Medium Profit
S01442,10/23/17,Dana L,Home Depot,QDB Item,4923.0426,8344.14,United States,Mississippi,3.0,3.0,3.0,3.0,3421.0973999999997,Large Profit
S01443,12/4/17,Dana L,Yahoo,MQW Item,4262.5165,7750.03,United States,NorthCarolina,5.0,1.0,3.0,3.0,3487.5135,Large Profit
S01444,12/30/18,Dana L,Nature Company,EIS Item,5338.44,7117.92,United States,SouthCarolina,2.0,5.0,4.0,3.6666666666666665,1779.4800000000005,Medium Profit
S01445,7/10/17,Dana L,Amazon.com,SYS Item,3181.599,7070.22,United States,Tennessee,1.0,5.0,2.0,2.6666666666666665,3888.621,Large Profit
S01446,3/29/19,Dana L,The Economist,BRL Item,4241.5408,6237.56,United States,Maryland,5.0,4.0,1.0,3.3333333333333335,1996.0192000000006,Medium Profit
S01447,9/29/18,Dana L,Home Depot,HGF Item,3030.5174,5225.03,United States,Virginia,1.0,2.0,5.0,2.6666666666666665,2194.5125999999996,Large Profit
S01448,8/16/18,Dana L,Home Depot,OLP Item,2190.5275,5094.25,United States,Alabama,4.0,4.0,4.0,4.0,2903.7225,Large Profit
S01449,9/24/18,Dana L,McLendon's Hardware,TIB Item,3337.1625,4449.55,United States,Florida,5.0,1.0,2.0,2.6666666666666665,1112.3875000000003,Medium Profit
S01450,11/11/17,Dana L,Office Depot,NPJ Item,1819.989,4044.42,United States,Georgia,2.0,2.0,5.0,3.0,2224.431,Large Profit
S01451,9/26/17,Dana L,ExcelIsVeryFun.com,JRG Item,1593.881,3706.7,United States,Kentucky,3.0,3.0,3.0,3.0,2112.8189999999995,Large Profit
S01452,8/11/18,Dana L,Costco,WNV Item,2583.5568,2935.86,United States,Mississippi,5.0,5.0,2.0,4.0,352.3032000000003,Small Profit
S01453,3/14/18,Dana L,McLendon's Hardware,ZGF Item,706.0969,1908.37,United States,NorthCarolina,2.0,4.0,3.0,3.0,1202.2730999999999,Medium Profit
S01454,8/25/18,Daniil N,Solar and Wind Inc.,DYU Item,8240.276,9363.95,United States,SouthCarolina,3.0,1.0,3.0,2.3333333333333335,1123.674000000001,Medium Profit
S01455,1/14/18,Daniil N,The Economist,GQC Item,6993.4821,7479.66,United States,Tennessee,5.0,2.0,2.0,3.0,486.1778999999997,Small Profit
S01456,12/26/17,Daniil N,Home Depot,HVF Item,5923.0567,6334.82,United States,Maryland,4.0,1.0,1.0,2.0,411.7632999999996,Small Profit
S01457,12/2/18,Daniil N,Yahoo,YYC Item,3290.2646,5672.87,United States,Virginia,4.0,5.0,1.0,3.3333333333333335,2382.6054,Large Profit
S01458,9/13/18,Daniil N,Whole Foods,BVP Item,2244.34595,2400.37,United States,Alabama,5.0,1.0,3.0,3.0,156.02405,Small Profit
S01459,7/8/17,Daniil N,Nature Company,RWW Item,1829.652,2079.15,United States,Florida,4.0,2.0,1.0,2.3333333333333335,249.49800000000005,Small Profit
S01460,2/12/18,Daniil N,McLendon's Hardware,PJS Item,1100.8875,1467.85,United States,Georgia,2.0,2.0,5.0,3.0,366.96249999999986,Small Profit
S01461,1/5/18,Daniil N,Yahoo,MJE Item,218.9583,234.18,United States,Kentucky,4.0,1.0,4.0,3.0,15.221699999999998,Small Profit
S01462,2/19/18,Daniil N,Costco,IQG Item,116.9192,171.94,United States,Mississippi,1.0,1.0,4.0,2.0,55.020799999999994,Small Profit
S01463,4/26/19,Desiree A,Home Depot,UPA Item,7054.7752,8016.79,United States,NorthCarolina,4.0,1.0,4.0,3.0,962.0147999999999,Medium Profit
S01464,2/1/19,Desiree A,ExcelIsVeryFun.com,BCW Item,3031.5375,6736.75,United States,SouthCarolina,2.0,3.0,3.0,2.6666666666666665,3705.2125,Large Profit
S01465,9/10/18,Desiree A,Amazon.com,JLN Item,5758.37515,6158.69,United States,Tennessee,4.0,4.0,2.0,3.3333333333333335,400.31484999999975,Small Profit
S01466,6/16/18,Desiree A,Google,ZJL Item,3398.3272,4997.54,United States,Maryland,4.0,4.0,3.0,3.6666666666666665,1599.2127999999998,Medium Profit
S01467,1/2/18,Desiree A,Costco,XYT Item,2423.7455,4406.81,United States,Virginia,5.0,2.0,2.0,3.0,1983.0645000000004,Medium Profit
S01468,1/26/18,Desiree A,Whole Foods,WOC Item,2611.642,3840.65,United States,Alabama,2.0,5.0,1.0,2.6666666666666665,1229.0080000000003,Medium Profit
S01469,12/23/18,Desiree A,Peet's Coffee,QHG Item,1609.956,3577.68,United States,Florida,2.0,5.0,4.0,3.6666666666666665,1967.724,Medium Profit
S01470,8/3/17,Desiree A,Solar and Wind Inc.,UAE Item,1271.6325,2825.85,United States,Georgia,1.0,1.0,5.0,2.3333333333333335,1554.2175,Medium Profit
S01471,7/8/17,Desiree A,Nature Company,UKS Item,2226.6651,2381.46,United States,Kentucky,5.0,1.0,1.0,2.3333333333333335,154.79489999999987,Small Profit
S01472,1/11/18,Desiree A,Sherman Williams,VJK Item,351.131,638.42,United States,Mississippi,5.0,1.0,2.0,2.6666666666666665,287.289,Small Profit
S01473,4/28/19,Desiree A,Amazon.com,EOE Item,98.0426,264.98,United States,NorthCarolina,2.0,1.0,5.0,2.6666666666666665,166.93740000000003,Small Profit
S01474,7/11/17,Dina,Amazon.com,FJF Item,4710.7252,7984.28,United States,SouthCarolina,2.0,1.0,3.0,2.0,3273.5548,Large Profit
S01475,10/30/18,Dina,Peet's Coffee,ZGA Item,4456.604,7683.8,United States,Tennessee,2.0,5.0,4.0,3.6666666666666665,3227.196,Large Profit
S01476,5/1/18,Dina,Whole Foods,VNR Item,3364.092,7475.76,United States,Maryland,4.0,2.0,2.0,2.6666666666666665,4111.668,Large Profit
S01477,5/2/19,Dina,Costco,BZR Item,3127.7565,6950.57,United States,Virginia,5.0,1.0,5.0,3.6666666666666665,3822.8134999999997,Large Profit
S01478,8/30/17,Dina,Nature Company,BYE Item,4482.798,6592.35,United States,Alabama,2.0,4.0,5.0,3.6666666666666665,2109.5520000000006,Large Profit
S01479,12/28/18,Dina,Sherman Williams,GPB Item,2215.5341,5987.93,United States,Florida,4.0,5.0,1.0,3.3333333333333335,3772.3959000000004,Large Profit
S01480,11/6/18,Dina,Solar and Wind Inc.,IKP Item,3919.146,5763.45,United States,Georgia,3.0,5.0,1.0,3.0,1844.3039999999996,Medium Profit
S01481,11/14/18,Dina,ExcelIsVeryFun.com,UHF Item,4295.31,5727.08,United States,Kentucky,4.0,3.0,1.0,2.6666666666666665,1431.7699999999995,Medium Profit
S01482,4/13/19,Dina,Peet's Coffee,PRV Item,3293.4256,5678.32,United States,Mississippi,3.0,2.0,1.0,2.0,2384.8943999999997,Large Profit
S01483,11/27/17,Dina,Whole Foods,ECX Item,2003.94,4453.2,United States,NorthCarolina,1.0,4.0,1.0,2.0,2449.2599999999998,Large Profit
S01484,9/24/17,Dina,Peet's Coffee,MNC Item,2872.7175,3830.29,United States,SouthCarolina,1.0,4.0,1.0,2.0,957.5724999999998,Medium Profit
S01485,8/22/18,Dina,Costco,RWZ Item,1670.3685,3711.93,United States,Tennessee,5.0,2.0,4.0,3.6666666666666665,2041.5614999999998,Large Profit
S01486,8/10/18,Dina,Peet's Coffee,AQJ Item,944.3436,2552.28,United States,Maryland,3.0,1.0,4.0,2.6666666666666665,1607.9364,Medium Profit
S01487,10/12/18,Dina,ExcelIsVeryFun.com,TLP Item,303.9739,515.21,United States,Virginia,4.0,5.0,2.0,3.6666666666666665,211.23610000000002,Small Profit
S01488,1/5/18,Dina,Solar and Wind Inc.,CKU Item,135.3105,300.69,United States,Alabama,2.0,2.0,5.0,3.0,165.3795,Small Profit
S01489,2/22/18,Donald Wayne,The Economist,GXP Item,5712.8608,9849.76,United States,Florida,5.0,3.0,2.0,3.3333333333333335,4136.8992,Large Profit
S01490,5/18/19,Donald Wayne,Google,FMB Item,5309.238,9653.16,United States,Georgia,2.0,5.0,1.0,2.6666666666666665,4343.922,Large Profit
S01491,11/9/17,Donald Wayne,Office Depot,MEE Item,3374.2057,7846.99,United States,Kentucky,2.0,2.0,4.0,2.6666666666666665,4472.784299999999,Large Profit
S01492,7/24/17,Donald Wayne,Costco,LFI Item,3410.244,7578.32,United States,Mississippi,4.0,3.0,4.0,3.6666666666666665,4168.075999999999,Large Profit
S01493,1/19/18,Donald Wayne,Google,CLJ Item,4427.9618,7505.02,United States,NorthCarolina,2.0,3.0,4.0,3.0,3077.0582000000004,Large Profit
S01494,3/21/19,Donald Wayne,Nature Company,RDD Item,4071.136,7019.2,United States,SouthCarolina,3.0,2.0,3.0,2.6666666666666665,2948.064,Large Profit
S01495,2/10/18,Donald Wayne,Home Depot,KYK Item,5970.7384,6784.93,United States,Tennessee,2.0,4.0,2.0,2.6666666666666665,814.1916000000001,Medium Profit
S01496,3/30/18,Donald Wayne,Solar and Wind Inc.,RCE Item,3730.502,6431.9,United States,Maryland,4.0,5.0,3.0,4.0,2701.3979999999997,Large Profit
S01497,10/6/18,Donald Wayne,Peet's Coffee,VBB Item,5754.39205,6154.43,United States,Virginia,1.0,1.0,1.0,1.0,400.0379499999999,Small Profit
S01498,4/9/19,Donald Wayne,Amazon.com,EKT Item,3119.479,5671.78,United States,Alabama,2.0,1.0,3.0,2.0,2552.301,Large Profit
S01499,1/26/19,Donald Wayne,The Economist,DYM Item,3501.0956,5148.67,United States,Florida,2.0,4.0,4.0,3.3333333333333335,1647.5744,Medium Profit
S01500,5/24/19,Donald Wayne,Yahoo,WZQ Item,2175.6753,5059.71,United States,Georgia,3.0,3.0,4.0,3.3333333333333335,2884.0347,Large Profit
S01501,3/15/18,Donald Wayne,ExcelIsVeryFun.com,XRP Item,1377.0771,3721.83,United States,Kentucky,2.0,1.0,5.0,2.6666666666666665,2344.7529,Large Profit
S01502,7/14/18,Donald Wayne,The Economist,OBM Item,2148.5971,3641.69,United States,Mississippi,3.0,4.0,3.0,3.3333333333333335,1493.0929,Medium Profit
S01503,1/12/18,Donald Wayne,ExcelIsVeryFun.com,OTD Item,975.3496,2636.08,United States,NorthCarolina,1.0,3.0,3.0,2.3333333333333335,1660.7304,Medium Profit
S01504,2/9/18,Donald Wayne,Amazon.com,TEG Item,1523.734,2582.6,United States,SouthCarolina,1.0,4.0,4.0,3.0,1058.866,Medium Profit
S01505,5/28/19,Donald Wayne,ExcelIsVeryFun.com,YKZ Item,1075.8901,2502.07,United States,Tennessee,5.0,1.0,1.0,2.3333333333333335,1426.1799,Medium Profit
S01506,10/20/18,Donald Wayne,Costco,CLN Item,612.126,1360.28,United States,Maryland,4.0,2.0,1.0,2.3333333333333335,748.154,Medium Profit
S01507,1/25/19,Donald Wayne,Home Depot,CXY Item,517.7645,941.39,United States,Virginia,3.0,1.0,4.0,2.6666666666666665,423.6255,Small Profit
S01508,9/18/18,Donald Wayne,The Economist,MKP Item,447.8888,658.66,United States,Alabama,5.0,3.0,1.0,3.0,210.77119999999996,Small Profit
S01509,4/11/18,Donald Wayne,ExcelIsVeryFun.com,DLX Item,139.9451,378.23,United States,Florida,4.0,1.0,3.0,2.6666666666666665,238.28490000000002,Small Profit
S01510,8/31/17,Hassan M,Yahoo,GDC Item,5802.5733,9834.87,United States,Georgia,5.0,3.0,4.0,4.0,4032.296700000001,Large Profit
S01511,10/12/18,Hassan M,Amazon.com,HJX Item,5599.6192,9490.88,United States,Kentucky,4.0,5.0,4.0,4.333333333333333,3891.260799999999,Large Profit
S01512,1/2/18,Hassan M,Sherman Williams,SIV Item,5238.734,9032.3,United States,Mississippi,2.0,2.0,3.0,2.3333333333333335,3793.565999999999,Large Profit
S01513,3/21/18,Hassan M,Peet's Coffee,MXO Item,2729.7638,7377.74,United States,NorthCarolina,3.0,3.0,1.0,2.3333333333333335,4647.976199999999,Large Profit
S01514,4/19/19,Hassan M,Costco,QCV Item,4338.3998,7353.22,United States,SouthCarolina,4.0,3.0,2.0,3.0,3014.8202,Large Profit
S01515,4/20/18,Hassan M,Sherman Williams,TGL Item,5392.365,7189.82,United States,Tennessee,4.0,2.0,4.0,3.3333333333333335,1797.455,Medium Profit
S01516,10/29/18,Hassan M,Google,TFM Item,2657.6101,7182.73,United States,Maryland,4.0,5.0,5.0,4.666666666666667,4525.1199,Large Profit
S01517,1/23/18,Hassan M,Peet's Coffee,SQM Item,4448.4376,6541.82,United States,Virginia,3.0,1.0,2.0,2.0,2093.3823999999995,Large Profit
S01518,12/25/18,Hassan M,Google,TKV Item,5914.3986,6325.56,United States,Alabama,3.0,5.0,2.0,3.3333333333333335,411.16139999999996,Small Profit
S01519,5/29/19,Hassan M,Nature Company,FXG Item,4263.1784,6269.38,United States,Florida,4.0,5.0,2.0,3.6666666666666665,2006.2016000000003,Large Profit
S01520,2/9/19,Hassan M,Sherman Williams,SYC Item,2711.133,6024.74,United States,Georgia,3.0,4.0,4.0,3.6666666666666665,3313.607,Large Profit
S01521,3/6/18,Hassan M,Nature Company,XWP Item,3154.7064,5346.96,United States,Kentucky,4.0,5.0,4.0,4.333333333333333,2192.2536,Large Profit
S01522,3/25/18,Hassan M,Whole Foods,ZHY Item,1755.8224,3027.28,United States,Mississippi,1.0,1.0,1.0,1.0,1271.4576000000002,Medium Profit
S01523,1/3/18,Hassan M,Whole Foods,XGE Item,854.1265,2308.45,United States,NorthCarolina,4.0,5.0,5.0,4.666666666666667,1454.3235,Medium Profit
S01524,10/8/18,Hassan M,Sherman Williams,CIA Item,1035.8505,2301.89,United States,SouthCarolina,5.0,5.0,5.0,5.0,1266.0394999999999,Medium Profit
S01525,4/5/19,Hassan M,Whole Foods,MFZ Item,714.6315,1588.07,United States,Tennessee,1.0,5.0,3.0,3.0,873.4385,Medium Profit
S01526,8/12/18,Hassan M,Solar and Wind Inc.,YQZ Item,661.545,882.06,United States,Maryland,1.0,5.0,3.0,3.0,220.515,Small Profit
S01527,10/24/17,Hassan M,McLendon's Hardware,OGB Item,450.4709,763.51,United States,Virginia,4.0,1.0,5.0,3.3333333333333335,313.0391,Small Profit
S01528,10/18/17,Hassan M,Costco,MNG Item,427.9036,629.27,United States,Alabama,1.0,4.0,5.0,3.3333333333333335,201.3664,Small Profit
S01529,2/1/18,Michael G,Costco,KJV Item,9318.958,9966.8,United States,Florida,5.0,2.0,1.0,2.6666666666666665,647.8419999999987,Medium Profit
S01530,8/10/17,Michael G,Costco,BAM Item,5686.0358,9803.51,United States,Georgia,2.0,3.0,4.0,3.0,4117.474200000001,Large Profit
S01531,7/24/18,Michael G,Whole Foods,ZMY Item,3234.281,8741.3,United States,Kentucky,2.0,2.0,3.0,2.3333333333333335,5507.018999999999,Large Profit
S01532,5/6/19,Michael G,Amazon.com,YDC Item,3558.8649,8276.43,United States,Mississippi,5.0,2.0,5.0,4.0,4717.5651,Large Profit
S01533,1/24/18,Michael G,Amazon.com,YFM Item,4773.7608,8091.12,United States,NorthCarolina,2.0,4.0,3.0,3.0,3317.3592,Large Profit
S01534,8/24/18,Michael G,Peet's Coffee,LHG Item,4633.1444,7988.18,United States,SouthCarolina,3.0,5.0,1.0,3.0,3355.0356,Large Profit
S01535,6/21/18,Michael G,Solar and Wind Inc.,REH Item,3237.6377,7529.39,United States,Tennessee,4.0,5.0,1.0,3.3333333333333335,4291.7523,Large Profit
S01536,6/12/18,Michael G,Peet's Coffee,ENW Item,3438.0892,5927.74,United States,Maryland,3.0,5.0,1.0,3.0,2489.6508,Large Profit
S01537,12/12/18,Michael G,Sherman Williams,MOB Item,2004.9227,5418.71,United States,Virginia,5.0,3.0,2.0,3.3333333333333335,3413.7873,Large Profit
S01538,8/28/18,Michael G,Yahoo,PBC Item,2067.9087,4809.09,United States,Alabama,4.0,3.0,4.0,3.6666666666666665,2741.1813,Large Profit
S01539,4/9/19,Michael G,Peet's Coffee,UXD Item,2647.4332,4564.54,United States,Florida,5.0,3.0,3.0,3.6666666666666665,1917.1068,Medium Profit
S01540,3/18/18,Michael G,Google,QIE Item,1759.8954,4092.78,United States,Georgia,4.0,5.0,5.0,4.666666666666667,2332.8846000000003,Large Profit
S01541,5/13/18,Michael G,Whole Foods,NVY Item,1873.41,3406.2,United States,Kentucky,5.0,3.0,5.0,4.333333333333333,1532.7899999999997,Medium Profit
S01542,10/13/18,Michael G,Sherman Williams,MJG Item,2704.592,3073.4,United States,Mississippi,2.0,2.0,4.0,2.6666666666666665,368.808,Small Profit
S01543,7/16/18,Michael G,Whole Foods,JIA Item,2287.7325,3050.31,United States,NorthCarolina,2.0,2.0,1.0,1.6666666666666667,762.5774999999999,Medium Profit
S01544,6/14/19,Michael G,Google,QGH Item,1233.068,2867.6,United States,SouthCarolina,1.0,4.0,1.0,2.0,1634.532,Medium Profit
S01545,8/25/17,Michael G,Google,ZQH Item,2637.41995,2820.77,United States,Tennessee,5.0,2.0,5.0,4.0,183.35005,Small Profit
S01546,1/30/18,Michael G,Whole Foods,WYF Item,1615.2584,2375.38,United States,Maryland,3.0,3.0,5.0,3.6666666666666665,760.1216000000002,Medium Profit
S01547,6/6/18,Michael G,Nature Company,FGA Item,1802.8736,2048.72,United States,Virginia,3.0,1.0,4.0,2.6666666666666665,245.8463999999999,Small Profit
S01548,7/8/18,Nikol M,ExcelIsVeryFun.com,MDH Item,5691.5342,9812.99,United States,Alabama,2.0,2.0,4.0,2.6666666666666665,4121.4558,Large Profit
S01549,5/24/18,Nikol M,Sherman Williams,OQM Item,6515.34,8687.12,United States,Florida,4.0,2.0,2.0,2.6666666666666665,2171.7800000000007,Large Profit
S01550,12/4/17,Nikol M,Nature Company,VSC Item,3906.9855,8682.19,United States,Georgia,1.0,1.0,1.0,1.0,4775.204500000001,Large Profit
S01551,9/14/18,Nikol M,Office Depot,UYM Item,8115.052,8679.2,United States,Kentucky,5.0,3.0,3.0,3.6666666666666665,564.148000000001,Medium Profit
S01552,7/10/18,Nikol M,Home Depot,XID Item,5686.0648,8361.86,United States,Mississippi,5.0,1.0,4.0,3.3333333333333335,2675.7952000000005,Large Profit
S01553,6/21/17,Nikol M,Yahoo,UYS Item,4843.5047,8209.33,United States,NorthCarolina,5.0,4.0,3.0,4.0,3365.8252999999995,Large Profit
S01554,6/9/19,Nikol M,Costco,HDP Item,6487.5184,7372.18,United States,SouthCarolina,4.0,4.0,2.0,3.3333333333333335,884.6616000000004,Medium Profit
S01555,10/15/17,Nikol M,Nature Company,SNP Item,2989.3365,6642.97,United States,Tennessee,4.0,1.0,2.0,2.3333333333333335,3653.6335000000004,Large Profit
S01556,10/3/17,Nikol M,Costco,DSW Item,2774.7771,6452.97,United States,Maryland,4.0,5.0,2.0,3.6666666666666665,3678.1929000000005,Large Profit
S01557,2/24/19,Nikol M,Sherman Williams,MHY Item,5772.34405,6173.63,United States,Virginia,1.0,3.0,1.0,1.6666666666666667,401.2859500000004,Small Profit
S01558,6/9/18,Nikol M,McLendon's Hardware,KEI Item,3481.276,6002.2,United States,Alabama,5.0,4.0,3.0,4.0,2520.924,Large Profit
S01559,2/17/18,Nikol M,Home Depot,DRK Item,2266.7966,5271.62,United States,Florida,5.0,5.0,4.0,4.666666666666667,3004.8233999999998,Large Profit
S01560,11/19/17,Nikol M,Peet's Coffee,TQB Item,4507.06465,4820.39,United States,Georgia,5.0,4.0,2.0,3.6666666666666665,313.32535000000007,Small Profit
S01561,5/10/18,Nikol M,Peet's Coffee,RJQ Item,2553.4272,3755.04,United States,Kentucky,5.0,5.0,1.0,3.6666666666666665,1201.6127999999999,Medium Profit
S01562,12/27/18,Nikol M,Solar and Wind Inc.,SKL Item,1270.9278,3434.94,United States,Mississippi,3.0,1.0,4.0,2.6666666666666665,2164.0122,Large Profit
S01563,11/27/17,Nikol M,Whole Foods,ALA Item,2595.27015,2775.69,United States,NorthCarolina,2.0,5.0,4.0,3.6666666666666665,180.41985000000022,Small Profit
S01564,8/5/18,Nikol M,Sherman Williams,AEX Item,1635.0224,1857.98,United States,SouthCarolina,5.0,1.0,2.0,2.6666666666666665,222.95759999999996,Small Profit
S01565,12/29/18,Nikol M,Peet's Coffee,QJR Item,788.8772,1337.08,United States,Tennessee,4.0,2.0,3.0,3.0,548.2027999999999,Medium Profit
S01566,2/25/18,Sarabeth L,McLendon's Hardware,RPR Item,8385.2824,9528.73,United States,Maryland,3.0,4.0,4.0,3.6666666666666665,1143.4475999999995,Medium Profit
S01567,9/4/17,Sarabeth L,McLendon's Hardware,CKX Item,5157.0475,9376.45,United States,Virginia,4.0,4.0,4.0,4.0,4219.402500000001,Large Profit
S01568,11/10/17,Sarabeth L,Google,EUY Item,5467.0049,9266.11,United States,Alabama,5.0,1.0,5.0,3.6666666666666665,3799.1051000000007,Large Profit
S01569,12/23/18,Sarabeth L,Sherman Williams,CCV Item,7134.1248,8106.96,United States,Florida,2.0,4.0,1.0,2.3333333333333335,972.8352000000004,Medium Profit
S01570,11/9/18,Sarabeth L,Peet's Coffee,ZPU Item,3090.3966,5328.27,United States,Georgia,5.0,1.0,4.0,3.3333333333333335,2237.8734000000004,Large Profit
S01571,10/1/17,Sarabeth L,Whole Foods,EWJ Item,3017.9488,5203.36,United States,Kentucky,2.0,5.0,4.0,3.6666666666666665,2185.4111999999996,Large Profit
S01572,3/29/19,Sarabeth L,Costco,BRJ Item,1929.294,4287.32,United States,Mississippi,4.0,1.0,5.0,3.3333333333333335,2358.026,Large Profit
S01573,2/9/18,Sarabeth L,Google,VKZ Item,1835.6528,4268.96,United States,NorthCarolina,5.0,5.0,5.0,5.0,2433.3072,Large Profit
S01574,1/21/18,Sarabeth L,ExcelIsVeryFun.com,CRR Item,3070.155,4093.54,United States,SouthCarolina,3.0,5.0,1.0,3.0,1023.3849999999998,Medium Profit
S01575,3/26/19,Sarabeth L,Yahoo,IPH Item,3488.5488,3964.26,United States,Tennessee,4.0,1.0,1.0,2.0,475.7112000000002,Small Profit
S01576,9/8/18,Sarabeth L,McLendon's Hardware,VFB Item,3285.99205,3514.43,United States,Maryland,2.0,4.0,5.0,3.6666666666666665,228.43795,Small Profit
S01577,3/5/19,Sarabeth L,Solar and Wind Inc.,EEO Item,1200.8757,3245.61,United States,Virginia,4.0,2.0,1.0,2.3333333333333335,2044.7343,Large Profit
S01578,12/12/18,Sarabeth L,Whole Foods,BDC Item,1853.2218,3195.21,United States,Alabama,5.0,3.0,5.0,4.333333333333333,1341.9882,Medium Profit
S01579,8/28/17,Sarabeth L,Solar and Wind Inc.,YCM Item,2021.745,2695.66,United States,Florida,4.0,5.0,3.0,4.0,673.915,Medium Profit
S01580,1/30/19,Sarabeth L,Sherman Williams,WPJ Item,1418.9642,2446.49,United States,Georgia,2.0,5.0,2.0,3.0,1027.5258,Medium Profit
S01581,6/22/17,Sarabeth L,Office Depot,CJE Item,1007.748,2239.44,United States,Kentucky,3.0,3.0,5.0,3.6666666666666665,1231.692,Medium Profit
S01582,10/24/18,Sarabeth L,Costco,XLF Item,1798.3416,2043.57,United States,Mississippi,1.0,4.0,1.0,2.0,245.22839999999997,Small Profit
S01583,10/28/17,Sarabeth L,Yahoo,TJA Item,748.323,1662.94,United States,NorthCarolina,4.0,5.0,3.0,4.0,914.6170000000001,Medium Profit
S01584,12/15/18,Shannon L,McLendon's Hardware,IHQ Item,5964.0,7952.0,United States,SouthCarolina,1.0,1.0,1.0,1.0,1988.0,Medium Profit
S01585,3/16/19,Shannon L,The Economist,LFO Item,3494.4615,7765.47,United States,Tennessee,2.0,2.0,4.0,2.6666666666666665,4271.0085,Large Profit
S01586,9/17/17,Shannon L,The Economist,MWX Item,2680.1505,7243.65,United States,Maryland,1.0,1.0,5.0,2.3333333333333335,4563.4995,Large Profit
S01587,10/13/18,Shannon L,Office Depot,XMY Item,2395.2468,6473.64,United States,Virginia,5.0,3.0,5.0,4.333333333333333,4078.3932000000004,Large Profit
S01588,11/10/17,Shannon L,Sherman Williams,XWK Item,3426.731,6230.42,United States,Alabama,3.0,4.0,2.0,3.0,2803.689,Large Profit
S01589,4/15/19,Shannon L,Sherman Williams,KHK Item,1935.9611,3281.29,United States,Florida,5.0,5.0,2.0,4.0,1345.3289,Medium Profit
S01590,3/22/19,Shannon L,Google,SNC Item,1828.1824,2077.48,United States,Georgia,1.0,5.0,5.0,3.6666666666666665,249.2976000000001,Small Profit
S01591,11/27/18,Shannon L,The Economist,SHE Item,1173.8272,2023.84,United States,Kentucky,5.0,1.0,3.0,3.0,850.0128,Medium Profit
S01592,1/8/18,Shannon L,Google,ORF Item,1513.2656,1719.62,United States,Mississippi,1.0,3.0,2.0,2.0,206.35439999999994,Small Profit
S01593,5/25/18,Shannon L,Amazon.com,NUH Item,454.23,1009.4,United States,NorthCarolina,1.0,1.0,1.0,1.0,555.17,Medium Profit
S01594,12/20/17,Shuting,Solar and Wind Inc.,VIN Item,5876.5947,9960.33,United States,SouthCarolina,5.0,5.0,3.0,4.333333333333333,4083.7353000000003,Large Profit
S01595,2/9/18,Shuting,Google,OQV Item,7362.1875,9816.25,United States,Tennessee,4.0,5.0,2.0,3.6666666666666665,2454.0625,Large Profit
S01596,10/10/17,Shuting,ExcelIsVeryFun.com,AWF Item,6417.6632,9437.74,United States,Maryland,1.0,1.0,5.0,2.3333333333333335,3020.0768,Large Profit
S01597,8/23/17,Shuting,Nature Company,CVM Item,8622.14925,9221.55,United States,Virginia,4.0,2.0,3.0,3.0,599.4007499999989,Medium Profit
S01598,12/14/18,Shuting,Amazon.com,UNH Item,3963.24,8807.2,United States,Alabama,5.0,5.0,4.0,4.666666666666667,4843.960000000001,Large Profit
S01599,11/10/18,Shuting,Nature Company,FCI Item,4551.283,8275.06,United States,Florida,4.0,4.0,2.0,3.3333333333333335,3723.776999999999,Large Profit
S01600,4/12/18,Shuting,ExcelIsVeryFun.com,HEF Item,4392.872,7987.04,United States,Georgia,3.0,1.0,2.0,2.0,3594.1679999999997,Large Profit
S01601,7/25/18,Shuting,Nature Company,QRR Item,6673.348,7583.35,United States,Kentucky,1.0,3.0,2.0,2.0,910.0020000000004,Medium Profit
S01602,10/17/17,Shuting,Home Depot,MOG Item,4014.8122,6922.09,United States,Mississippi,4.0,5.0,2.0,3.6666666666666665,2907.2778000000003,Large Profit
S01603,1/4/19,Shuting,Solar and Wind Inc.,PGK Item,4158.1725,5544.23,United States,NorthCarolina,4.0,1.0,4.0,3.0,1386.0575,Medium Profit
S01604,2/7/19,Shuting,Google,BAW Item,4002.675,5336.9,United States,SouthCarolina,3.0,5.0,4.0,4.0,1334.2249999999995,Medium Profit
S01605,3/18/19,Shuting,Home Depot,GAY Item,3495.945,4661.26,United States,Tennessee,5.0,4.0,1.0,3.3333333333333335,1165.315,Medium Profit
S01606,9/6/17,Shuting,Solar and Wind Inc.,ZDZ Item,3980.1696,4522.92,United States,Maryland,2.0,4.0,2.0,2.6666666666666665,542.7503999999999,Medium Profit
S01607,3/1/19,Shuting,Amazon.com,FHT Item,1277.9686,2972.02,United States,Virginia,4.0,5.0,2.0,3.6666666666666665,1694.0514,Medium Profit
S01608,11/25/17,Shuting,Sherman Williams,YZG Item,1332.1132,1958.99,United States,Alabama,2.0,1.0,1.0,1.3333333333333333,626.8768,Medium Profit
S01609,11/24/18,Shuting,McLendon's Hardware,TAG Item,744.4844,1094.83,United States,Florida,3.0,2.0,4.0,3.0,350.3455999999999,Small Profit
S01610,12/7/18,Suzanne M,Solar and Wind Inc.,XXB Item,4050.9999,9420.93,United States,Georgia,3.0,1.0,4.0,2.6666666666666665,5369.9301000000005,Large Profit
S01611,8/14/18,Suzanne M,Yahoo,UWC Item,4049.0133,9416.31,United States,Kentucky,4.0,4.0,4.0,4.0,5367.296699999999,Large Profit
S01612,3/15/18,Suzanne M,The Economist,BSX Item,6239.952,9176.4,United States,Mississippi,5.0,1.0,2.0,2.6666666666666665,2936.4479999999994,Large Profit
S01613,5/1/18,Suzanne M,Whole Foods,MSH Item,6820.56,9094.08,United States,NorthCarolina,3.0,5.0,4.0,4.0,2273.5199999999995,Large Profit
S01614,9/2/17,Suzanne M,Home Depot,RAR Item,3759.9415,8744.05,United States,SouthCarolina,2.0,5.0,1.0,2.6666666666666665,4984.108499999999,Large Profit
S01615,7/31/17,Suzanne M,ExcelIsVeryFun.com,VGO Item,5937.0596,8730.97,United States,Tennessee,2.0,5.0,1.0,2.6666666666666665,2793.9103999999998,Large Profit
S01616,3/29/18,Suzanne M,Sherman Williams,QGI Item,4345.0932,7491.54,United States,Maryland,4.0,3.0,4.0,3.6666666666666665,3146.4467999999997,Large Profit
S01617,8/7/18,Suzanne M,Sherman Williams,GPQ Item,6549.87135,7005.21,United States,Virginia,1.0,5.0,5.0,3.6666666666666665,455.3386499999997,Small Profit
S01618,2/23/19,Suzanne M,Peet's Coffee,NFI Item,3682.6288,6349.36,United States,Alabama,2.0,3.0,5.0,3.3333333333333335,2666.7311999999997,Large Profit
S01619,9/9/18,Suzanne M,Yahoo,HDE Item,4390.86285,4696.11,United States,Florida,3.0,3.0,3.0,3.0,305.24714999999924,Small Profit
S01620,9/11/18,Suzanne M,Sherman Williams,EWS Item,2715.5426,4681.97,United States,Georgia,4.0,3.0,3.0,3.3333333333333335,1966.4274,Medium Profit
S01621,11/27/18,Suzanne M,The Economist,FPA Item,1483.9257,4010.61,United States,Kentucky,5.0,1.0,1.0,2.3333333333333335,2526.6843,Large Profit
S01622,4/24/18,Suzanne M,Sherman Williams,SFH Item,2237.2564,3791.96,United States,Mississippi,3.0,4.0,5.0,4.0,1554.7035999999998,Medium Profit
S01623,4/11/18,Suzanne M,Costco,DVP Item,3296.172,3745.65,United States,NorthCarolina,2.0,5.0,1.0,2.6666666666666665,449.47800000000007,Small Profit
S01624,7/15/18,Suzanne M,Amazon.com,OTZ Item,3145.57375,3364.25,United States,SouthCarolina,5.0,4.0,3.0,4.0,218.67624999999998,Small Profit
S01625,7/23/17,Suzanne M,Nature Company,FOI Item,1152.1689,3113.97,United States,Tennessee,5.0,1.0,4.0,3.3333333333333335,1961.8011,Medium Profit
S01626,4/24/18,Suzanne M,Sherman Williams,UQW Item,2100.7988,3089.41,United States,Maryland,2.0,2.0,4.0,2.6666666666666665,988.6111999999998,Medium Profit
S01627,3/16/18,Suzanne M,Office Depot,ICN Item,605.9735,1101.77,United States,Virginia,2.0,3.0,3.0,2.6666666666666665,495.79650000000004,Small Profit
S01628,7/28/18,Suzanne M,Peet's Coffee,OFG Item,500.2184,568.43,United States,Alabama,3.0,4.0,1.0,2.6666666666666665,68.21159999999998,Small Profit
S01629,11/2/17,Toni M,Costco,ACD Item,8311.7408,9445.16,United States,Florida,5.0,5.0,4.0,4.666666666666667,1133.4192000000003,Medium Profit
S01630,6/22/18,Toni M,Amazon.com,MPS Item,6892.1625,9189.55,United States,Georgia,4.0,1.0,2.0,2.3333333333333335,2297.387499999999,Large Profit
S01631,10/15/18,Toni M,Office Depot,YIT Item,3219.6068,8701.64,United States,Kentucky,4.0,4.0,4.0,4.0,5482.0332,Large Profit
S01632,5/14/18,Toni M,Peet's Coffee,VTR Item,4811.7554,8296.13,United States,Mississippi,2.0,3.0,2.0,2.3333333333333335,3484.374599999999,Large Profit
S01633,1/23/18,Toni M,Solar and Wind Inc.,ENN Item,3702.879,8228.62,United States,NorthCarolina,1.0,4.0,2.0,2.3333333333333335,4525.741000000001,Large Profit
S01634,5/20/19,Toni M,Office Depot,RLW Item,2950.4429,7974.17,United States,SouthCarolina,4.0,3.0,1.0,2.6666666666666665,5023.7271,Large Profit
S01635,3/14/19,Toni M,Peet's Coffee,TIH Item,4846.16,5507.0,United States,Tennessee,5.0,5.0,5.0,5.0,660.8400000000001,Medium Profit
S01636,12/14/17,Toni M,Sherman Williams,ZHH Item,2230.9245,4957.61,United States,Maryland,3.0,3.0,1.0,2.3333333333333335,2726.6854999999996,Large Profit
S01637,5/17/18,Toni M,Sherman Williams,CZL Item,2952.6008,4342.06,United States,Virginia,4.0,4.0,4.0,4.0,1389.4592000000002,Medium Profit
S01638,7/8/17,Toni M,Solar and Wind Inc.,DCR Item,3110.475,4147.3,United States,Alabama,3.0,5.0,4.0,4.0,1036.8250000000003,Medium Profit
S01639,4/15/18,Toni M,Sherman Williams,NUH Item,1336.2525,2969.45,United States,Florida,3.0,3.0,2.0,2.6666666666666665,1633.1974999999998,Medium Profit
S01640,10/29/18,Toni M,Office Depot,JQH Item,2365.792,2688.4,United States,Georgia,1.0,1.0,1.0,1.0,322.6080000000002,Small Profit
S01641,10/16/17,Toni M,The Economist,LWK Item,1135.3204,2640.28,United States,Kentucky,4.0,5.0,1.0,3.3333333333333335,1504.9596000000001,Medium Profit
S01642,1/24/18,Toni M,Office Depot,PGS Item,1091.1379,2537.53,United States,Mississippi,3.0,2.0,2.0,2.3333333333333335,1446.3921000000003,Medium Profit
S01643,12/13/18,Toni M,Nature Company,KHA Item,1191.2446,2053.87,United States,NorthCarolina,5.0,2.0,1.0,2.6666666666666665,862.6253999999999,Medium Profit
S01644,8/30/17,Toni M,Yahoo,RLA Item,744.8433,2013.09,United States,SouthCarolina,3.0,3.0,3.0,3.0,1268.2467,Medium Profit
S01645,8/7/17,Toni M,Google,QNJ Item,799.4546,1378.37,United States,Tennessee,2.0,5.0,3.0,3.3333333333333335,578.9153999999999,Medium Profit
S01646,7/26/18,Tonya J,Google,GZB Item,4286.4765,9968.55,United States,Maryland,3.0,1.0,1.0,1.6666666666666667,5682.0734999999995,Large Profit
S01647,3/26/18,Tonya J,The Economist,TML Item,7341.375,9788.5,United States,Virginia,2.0,3.0,3.0,2.6666666666666665,2447.125,Large Profit
S01648,7/19/17,Tonya J,Nature Company,DSK Item,5542.5438,9556.11,United States,Alabama,4.0,2.0,1.0,2.3333333333333335,4013.5662,Large Profit
S01649,7/30/18,Tonya J,Google,DEG Item,5463.8779,9260.81,United States,Florida,3.0,4.0,3.0,3.3333333333333335,3796.932099999999,Large Profit
S01650,10/21/17,Tonya J,McLendon's Hardware,JDL Item,5842.7912,8592.34,United States,Georgia,1.0,3.0,3.0,2.3333333333333335,2749.5488000000005,Large Profit
S01651,2/24/18,Tonya J,Amazon.com,SPG Item,4460.7915,8110.53,United States,Kentucky,1.0,5.0,5.0,3.6666666666666665,3649.7384999999995,Large Profit
S01652,6/17/17,Tonya J,Whole Foods,HES Item,5838.15,7784.2,United States,Mississippi,3.0,3.0,1.0,2.3333333333333335,1946.0500000000002,Medium Profit
S01653,2/12/18,Tonya J,Yahoo,OWA Item,6955.60525,7439.15,United States,NorthCarolina,3.0,3.0,4.0,3.3333333333333335,483.54475,Small Profit
S01654,7/1/17,Tonya J,Costco,GRX Item,3960.8305,7201.51,United States,SouthCarolina,3.0,5.0,5.0,4.333333333333333,3240.6795,Large Profit
S01655,4/28/18,Tonya J,Yahoo,VPC Item,3689.2464,6252.96,United States,Tennessee,3.0,4.0,4.0,3.6666666666666665,2563.7136,Large Profit
S01656,6/11/19,Tonya J,Costco,RBU Item,3427.841,5809.9,United States,Maryland,5.0,4.0,3.0,4.0,2382.0589999999997,Large Profit
S01657,11/3/18,Tonya J,Sherman Williams,KQA Item,3695.052,5433.9,United States,Virginia,1.0,2.0,4.0,2.3333333333333335,1738.8479999999995,Medium Profit
S01658,1/19/19,Tonya J,Solar and Wind Inc.,UVO Item,3345.5524,4919.93,United States,Alabama,3.0,2.0,4.0,3.0,1574.3776000000003,Medium Profit
S01659,3/18/19,Tonya J,McLendon's Hardware,MDG Item,2962.5288,4356.66,United States,Florida,4.0,3.0,5.0,4.0,1394.1311999999998,Medium Profit
S01660,12/22/17,Tonya J,Peet's Coffee,DKT Item,3727.46165,3986.59,United States,Georgia,5.0,4.0,2.0,3.6666666666666665,259.12834999999995,Small Profit
S01661,5/19/19,Tonya J,The Economist,MDD Item,1458.2425,2651.35,United States,Kentucky,1.0,4.0,4.0,3.0,1193.1074999999998,Medium Profit
S01662,10/3/17,Tonya J,Sherman Williams,TZG Item,939.9628,2185.96,United States,Mississippi,2.0,3.0,3.0,2.6666666666666665,1245.9972,Medium Profit
S01663,9/8/17,Tonya J,Yahoo,VOO Item,1054.1906,1817.57,United States,NorthCarolina,1.0,2.0,1.0,1.3333333333333333,763.3794,Medium Profit
S01664,3/12/19,Tonya J,Solar and Wind Inc.,JMX Item,411.5214,1112.22,United States,SouthCarolina,3.0,5.0,4.0,4.0,700.6985999999999,Medium Profit
S01665,6/3/19,Vivien R,Nature Company,ISP Item,3317.4607,8966.11,United States,Tennessee,2.0,5.0,1.0,2.6666666666666665,5648.649300000001,Large Profit
S01666,8/15/17,Vivien R,Sherman Williams,SAR Item,3778.8529,8788.03,United States,Maryland,2.0,4.0,2.0,2.6666666666666665,5009.177100000001,Large Profit
S01667,4/8/18,Vivien R,Solar and Wind Inc.,BRS Item,3466.278,7702.84,United States,Virginia,4.0,1.0,5.0,3.3333333333333335,4236.562,Large Profit
S01668,4/14/19,Vivien R,The Economist,VFU Item,5082.0752,7473.64,United States,Alabama,5.0,1.0,2.0,2.6666666666666665,2391.5648,Large Profit
S01669,5/19/18,Vivien R,Google,WCE Item,4965.8156,7302.67,United States,Florida,2.0,5.0,1.0,2.6666666666666665,2336.8544,Large Profit
S01670,10/3/18,Vivien R,Google,BHN Item,4853.2824,7137.18,United States,Georgia,2.0,5.0,3.0,3.3333333333333335,2283.8976000000002,Large Profit
S01671,3/24/18,Vivien R,Whole Foods,DKD Item,1831.1892,4949.16,United States,Kentucky,2.0,1.0,5.0,2.6666666666666665,3117.9708,Large Profit
S01672,4/25/18,Vivien R,Google,BQO Item,3292.3628,4841.71,United States,Mississippi,4.0,1.0,3.0,2.6666666666666665,1549.3472000000002,Medium Profit
S01673,3/20/19,Vivien R,Nature Company,QGQ Item,3175.6136,4670.02,United States,NorthCarolina,3.0,5.0,3.0,3.6666666666666665,1494.4064000000003,Medium Profit
S01674,7/19/17,Vivien R,Google,NOS Item,1333.305,2962.9,United States,SouthCarolina,2.0,3.0,2.0,2.3333333333333335,1629.595,Medium Profit
S01675,10/7/17,Vivien R,Solar and Wind Inc.,FFF Item,2251.4272,2558.44,United States,Tennessee,4.0,4.0,5.0,4.333333333333333,307.01279999999997,Small Profit
S01676,2/14/18,Vivien R,Amazon.com,QFM Item,1401.4683,2375.37,United States,Maryland,4.0,3.0,5.0,4.0,973.9016999999999,Medium Profit
S01677,1/25/19,Vivien R,Solar and Wind Inc.,OVI Item,1457.852,2143.9,United States,Virginia,1.0,5.0,5.0,3.6666666666666665,686.048,Medium Profit
S01678,2/5/19,Vivien R,Office Depot,QKP Item,375.8497,1015.81,United States,Alabama,2.0,4.0,3.0,3.0,639.9603,Medium Profit
S01679,8/26/18,Vivien R,The Economist,YUS Item,248.688,452.16,United States,Florida,4.0,4.0,3.0,3.6666666666666665,203.47200000000004,Small Profit
S01680,3/10/19,Abdisamad A,Peet's Coffee,WGT Item,4264.0993,9916.51,United States,Montana,2.0,1.0,5.0,2.6666666666666665,5652.4107,Large Profit
S01681,8/12/17,Abdisamad A,Yahoo,WSV Item,6187.3336,9099.02,United States,Wyoming,2.0,2.0,5.0,3.0,2911.6864000000005,Large Profit
S01682,1/9/19,Abdisamad A,Sherman Williams,KLF Item,8206.4202,8776.92,United States,Colorado,2.0,4.0,3.0,3.0,570.4997999999996,Medium Profit
S01683,10/28/17,Abdisamad A,Costco,BDA Item,5717.7188,8408.41,United States,NewMexico,1.0,3.0,2.0,2.0,2690.6912,Large Profit
S01684,3/7/18,Abdisamad A,Solar and Wind Inc.,VZT Item,4769.9258,8224.01,United States,Idaho,4.0,2.0,2.0,2.6666666666666665,3454.0842000000002,Large Profit
S01685,10/29/17,Abdisamad A,Nature Company,LJY Item,3180.6214,5483.83,United States,Utah,5.0,1.0,5.0,3.6666666666666665,2303.2086,Large Profit
S01686,3/6/19,Abdisamad A,Sherman Williams,CZU Item,4512.3936,5127.72,United States,Arizona,3.0,3.0,5.0,3.6666666666666665,615.3263999999999,Medium Profit
S01687,9/3/18,Abdisamad A,Amazon.com,OUO Item,2499.629,4544.78,United States,Montana,4.0,1.0,1.0,2.0,2045.1509999999998,Large Profit
S01688,10/2/17,Abdisamad A,Costco,EVM Item,2578.5144,2930.13,United States,Wyoming,5.0,2.0,4.0,3.6666666666666665,351.6156000000001,Small Profit
S01689,5/25/19,Abdisamad A,Office Depot,RTF Item,1259.0744,2928.08,United States,Colorado,1.0,3.0,2.0,2.0,1669.0056,Medium Profit
S01690,2/9/19,Abdisamad A,McLendon's Hardware,BST Item,1140.273,2533.94,United States,NewMexico,1.0,5.0,5.0,3.6666666666666665,1393.6670000000001,Medium Profit
S01691,1/2/18,Abdisamad A,ExcelIsVeryFun.com,GHE Item,1360.41,1813.88,United States,Idaho,3.0,1.0,4.0,2.6666666666666665,453.47,Small Profit
S01692,1/13/18,Abdisamad A,Amazon.com,PRI Item,1268.0025,1690.67,United States,Utah,4.0,2.0,4.0,3.3333333333333335,422.6675,Small Profit
S01693,10/10/17,Abdisamad A,Sherman Williams,KTV Item,434.6144,493.88,United States,Arizona,4.0,5.0,4.0,4.333333333333333,59.265600000000006,Small Profit
S01694,3/18/18,Abdisamad A,Solar and Wind Inc.,HGQ Item,249.3832,366.74,United States,Montana,4.0,3.0,3.0,3.3333333333333335,117.35680000000002,Small Profit
S01695,2/21/18,Abdisamad A,Home Depot,GRK Item,131.8767,306.69,United States,Wyoming,4.0,2.0,1.0,2.3333333333333335,174.8133,Small Profit
S01696,1/5/19,Analyssa C,McLendon's Hardware,MKG Item,9284.3817,9929.82,United States,Colorado,4.0,5.0,3.0,4.0,645.4382999999998,Medium Profit
S01697,3/21/18,Analyssa C,Nature Company,JGD Item,5079.613,9235.66,United States,NewMexico,3.0,4.0,1.0,2.6666666666666665,4156.047,Large Profit
S01698,6/7/18,Analyssa C,The Economist,UOH Item,4687.9022,8082.59,United States,Idaho,2.0,1.0,4.0,2.3333333333333335,3394.6877999999997,Large Profit
S01699,9/19/18,Analyssa C,Office Depot,YEW Item,6886.3432,7825.39,United States,Utah,5.0,3.0,5.0,4.333333333333333,939.0468000000001,Medium Profit
S01700,12/2/17,Analyssa C,Peet's Coffee,YGP Item,6835.972,7768.15,United States,Arizona,3.0,1.0,5.0,3.0,932.1779999999999,Medium Profit
S01701,11/11/17,Analyssa C,ExcelIsVeryFun.com,SBX Item,3891.0924,6708.78,United States,Montana,5.0,1.0,4.0,3.3333333333333335,2817.6875999999997,Large Profit
S01702,12/20/18,Analyssa C,Solar and Wind Inc.,XCX Item,2696.922,5993.16,United States,Wyoming,3.0,3.0,3.0,3.0,3296.238,Large Profit
S01703,6/7/19,Analyssa C,Nature Company,CAY Item,3084.5731,5228.09,United States,Colorado,3.0,4.0,5.0,4.0,2143.5169,Large Profit
S01704,9/9/17,Analyssa C,Peet's Coffee,EYP Item,4665.4069,4989.74,United States,NewMexico,5.0,2.0,5.0,4.0,324.33309999999983,Small Profit
S01705,2/20/19,Analyssa C,The Economist,LMF Item,3507.3016,3985.57,United States,Idaho,5.0,4.0,3.0,4.0,478.2684000000004,Small Profit
S01706,8/10/18,Analyssa C,The Economist,RNE Item,2140.523,3891.86,United States,Utah,2.0,5.0,4.0,3.6666666666666665,1751.337,Medium Profit
S01707,6/19/17,Analyssa C,Google,QVQ Item,1517.284,2231.3,United States,Arizona,4.0,2.0,4.0,3.3333333333333335,714.0160000000001,Medium Profit
S01708,5/21/18,Analyssa C,Costco,GAW Item,1242.0676,1826.57,United States,Montana,4.0,2.0,2.0,2.6666666666666665,584.5023999999999,Medium Profit
S01709,10/4/18,Analyssa C,The Economist,LPZ Item,620.5803,1443.21,United States,Wyoming,4.0,5.0,4.0,4.333333333333333,822.6297000000001,Medium Profit
S01710,4/7/19,Analyssa C,Solar and Wind Inc.,VPY Item,712.9265,1296.23,United States,Colorado,4.0,3.0,5.0,4.0,583.3035,Medium Profit
S01711,8/4/18,Analyssa C,Yahoo,UER Item,872.3924,1282.93,United States,NewMexico,4.0,1.0,1.0,2.0,410.5376000000001,Small Profit
S01712,1/31/18,Analyssa C,Peet's Coffee,ZPP Item,347.116,394.45,United States,Idaho,5.0,3.0,2.0,3.3333333333333335,47.334,Small Profit
S01713,7/10/18,Anastasiya A,ExcelIsVeryFun.com,QZK Item,8429.3264,9578.78,United States,Utah,4.0,2.0,1.0,2.3333333333333335,1149.4536000000007,Medium Profit
S01714,1/28/19,Anastasiya A,Nature Company,RLP Item,6513.69,8684.92,United States,Arizona,5.0,5.0,2.0,4.0,2171.2300000000005,Large Profit
S01715,11/30/17,Anastasiya A,ExcelIsVeryFun.com,GMP Item,6286.9752,7144.29,United States,Montana,2.0,3.0,2.0,2.3333333333333335,857.3148000000001,Medium Profit
S01716,11/20/18,Anastasiya A,Whole Foods,NCM Item,4490.4888,6603.66,United States,Wyoming,2.0,1.0,1.0,1.3333333333333333,2113.1711999999998,Large Profit
S01717,5/28/18,Anastasiya A,Google,ZPR Item,3591.7915,6530.53,United States,Colorado,3.0,2.0,1.0,2.0,2938.7385,Large Profit
S01718,4/10/18,Anastasiya A,Peet's Coffee,JQB Item,2771.3715,6445.05,United States,NewMexico,3.0,2.0,4.0,3.0,3673.6785,Large Profit
S01719,11/4/18,Anastasiya A,Google,ZAW Item,2878.6815,6397.07,United States,Idaho,4.0,1.0,2.0,2.3333333333333335,3518.3884999999996,Large Profit
S01720,9/16/18,Anastasiya A,Nature Company,EWM Item,1805.7295,4880.35,United States,Utah,2.0,1.0,3.0,2.0,3074.6205000000004,Large Profit
S01721,1/15/18,Anastasiya A,Yahoo,QML Item,2585.06,4457.0,United States,Arizona,4.0,2.0,2.0,2.6666666666666665,1871.94,Medium Profit
S01722,9/8/18,Anastasiya A,ExcelIsVeryFun.com,RHM Item,890.874,2071.8,United States,Montana,1.0,3.0,1.0,1.6666666666666667,1180.9260000000002,Medium Profit
S01723,4/17/18,Anastasiya A,Office Depot,QVZ Item,1486.276,1589.6,United States,Wyoming,3.0,4.0,1.0,2.6666666666666665,103.32399999999984,Small Profit
S01724,1/16/18,Anastasiya A,Nature Company,VXT Item,516.014,874.6,United States,Colorado,2.0,2.0,1.0,1.6666666666666667,358.586,Small Profit
S01725,8/29/18,Barbara C,Costco,VIM Item,8149.07665,8715.59,United States,NewMexico,3.0,5.0,5.0,4.333333333333333,566.5133500000002,Medium Profit
S01726,4/15/19,Barbara C,Amazon.com,WLS Item,3894.4125,8654.25,United States,Idaho,4.0,4.0,5.0,4.333333333333333,4759.8375,Large Profit
S01727,6/10/18,Barbara C,Peet's Coffee,VAD Item,3657.6316,8506.12,United States,Utah,5.0,1.0,2.0,2.6666666666666665,4848.4884,Large Profit
S01728,8/6/17,Barbara C,McLendon's Hardware,VMO Item,3617.0783,8411.81,United States,Arizona,1.0,2.0,3.0,2.0,4794.731699999999,Large Profit
S01729,10/1/17,Barbara C,Amazon.com,XVA Item,4539.491,8253.62,United States,Montana,1.0,1.0,4.0,2.0,3714.129000000001,Large Profit
S01730,7/27/18,Barbara C,Costco,DFQ Item,3641.2515,8091.67,United States,Wyoming,5.0,2.0,3.0,3.3333333333333335,4450.4185,Large Profit
S01731,11/22/18,Barbara C,Amazon.com,HOW Item,5273.796,5992.95,United States,Colorado,1.0,1.0,5.0,2.3333333333333335,719.1539999999995,Medium Profit
S01732,4/12/18,Barbara C,Amazon.com,NLB Item,3453.9696,5955.12,United States,NewMexico,1.0,1.0,4.0,2.0,2501.1504,Large Profit
S01733,12/25/17,Barbara C,Home Depot,RTZ Item,2184.3061,5903.53,United States,Idaho,5.0,5.0,1.0,3.6666666666666665,3719.2239,Large Profit
S01734,12/16/17,Barbara C,The Economist,CDR Item,2335.029,5430.3,United States,Utah,5.0,4.0,4.0,4.333333333333333,3095.271,Large Profit
S01735,8/15/18,Barbara C,Yahoo,XWY Item,3647.28,4863.04,United States,Arizona,1.0,4.0,5.0,3.3333333333333335,1215.7599999999998,Medium Profit
S01736,11/29/17,Barbara C,The Economist,TGO Item,2674.6057,4533.23,United States,Montana,1.0,3.0,2.0,2.0,1858.6242999999995,Medium Profit
S01737,5/27/19,Barbara C,Solar and Wind Inc.,RHV Item,2289.254,4162.28,United States,Wyoming,5.0,1.0,4.0,3.3333333333333335,1873.0259999999998,Medium Profit
S01738,4/6/18,Barbara C,Amazon.com,FLA Item,2218.6425,2958.19,United States,Colorado,3.0,2.0,5.0,3.3333333333333335,739.5475000000001,Medium Profit
S01739,3/22/19,Barbara C,Yahoo,TPZ Item,2230.5712,2534.74,United States,NewMexico,5.0,3.0,4.0,4.0,304.1687999999999,Small Profit
S01740,2/23/19,Barbara C,Office Depot,QKT Item,1776.6,2368.8,United States,Idaho,2.0,1.0,1.0,1.3333333333333333,592.2000000000003,Medium Profit
S01741,8/27/17,Barbara C,Yahoo,EBN Item,757.3775,1377.05,United States,Utah,3.0,4.0,4.0,3.6666666666666665,619.6724999999999,Medium Profit
S01742,9/1/18,Barbara C,Solar and Wind Inc.,HYO Item,747.4651,1266.89,United States,Arizona,1.0,1.0,2.0,1.3333333333333333,519.4249000000001,Medium Profit
S01743,9/3/18,Catherine W,Home Depot,CGS Item,5831.8904,9884.56,United States,Montana,4.0,5.0,5.0,4.666666666666667,4052.6695999999993,Large Profit
S01744,8/7/18,Catherine W,Peet's Coffee,KOB Item,8482.2452,9071.92,United States,Wyoming,2.0,1.0,1.0,1.3333333333333333,589.6748000000007,Medium Profit
S01745,1/25/18,Catherine W,Costco,ZVM Item,3998.835,8886.3,United States,Colorado,2.0,5.0,2.0,3.0,4887.464999999999,Large Profit
S01746,10/8/17,Catherine W,Office Depot,GJM Item,7750.4768,8807.36,United States,NewMexico,2.0,5.0,5.0,4.0,1056.8832000000002,Medium Profit
S01747,1/6/19,Catherine W,Google,ZCZ Item,8136.26715,8701.89,United States,Idaho,4.0,4.0,2.0,3.3333333333333335,565.6228499999997,Medium Profit
S01748,8/17/18,Catherine W,Peet's Coffee,VOJ Item,3738.969,8308.82,United States,Utah,4.0,5.0,2.0,3.6666666666666665,4569.851,Large Profit
S01749,3/5/19,Catherine W,Nature Company,OPC Item,4802.7132,8280.54,United States,Arizona,4.0,2.0,5.0,3.6666666666666665,3477.8268000000007,Large Profit
S01750,3/3/19,Catherine W,Solar and Wind Inc.,XTA Item,5971.785,7962.38,United States,Montana,2.0,2.0,2.0,2.0,1990.5950000000003,Medium Profit
S01751,10/31/18,Catherine W,ExcelIsVeryFun.com,UPK Item,3160.458,7023.24,United States,Wyoming,4.0,5.0,3.0,4.0,3862.7819999999997,Large Profit
S01752,12/29/17,Catherine W,Office Depot,YNA Item,6379.4115,6822.9,United States,Colorado,1.0,3.0,5.0,3.0,443.4884999999995,Small Profit
S01753,1/28/18,Catherine W,Costco,KMH Item,1917.8987,5183.51,United States,NewMexico,5.0,2.0,1.0,2.6666666666666665,3265.6113000000005,Large Profit
S01754,8/16/17,Catherine W,Nature Company,VVQ Item,2095.9028,3082.21,United States,Idaho,5.0,4.0,5.0,4.666666666666667,986.3072000000002,Medium Profit
S01755,5/7/19,Catherine W,Sherman Williams,HSS Item,2018.03855,2158.33,United States,Utah,2.0,4.0,1.0,2.3333333333333335,140.29144999999994,Small Profit
S01756,10/15/18,Catherine W,Sherman Williams,ZMT Item,1227.16,1394.5,United States,Arizona,2.0,4.0,3.0,3.0,167.33999999999992,Small Profit
S01757,7/26/18,Catherine W,Sherman Williams,LBH Item,749.505,1292.25,United States,Montana,1.0,1.0,3.0,1.6666666666666667,542.745,Medium Profit
S01758,8/1/18,Catherine W,Yahoo,PAE Item,295.2455,536.81,United States,Wyoming,5.0,1.0,2.0,2.6666666666666665,241.56449999999995,Small Profit
S01759,6/20/17,Cherry M,Whole Foods,WNE Item,8722.3752,9911.79,United States,Colorado,5.0,2.0,2.0,3.0,1189.4148000000005,Medium Profit
S01760,8/3/18,Cherry M,Office Depot,MEL Item,8814.57225,9427.35,United States,NewMexico,1.0,1.0,2.0,1.3333333333333333,612.7777500000011,Medium Profit
S01761,1/10/19,Cherry M,Home Depot,VBG Item,5931.3544,8722.58,United States,Idaho,5.0,3.0,4.0,4.0,2791.2255999999998,Large Profit
S01762,11/16/17,Cherry M,Solar and Wind Inc.,UGR Item,2953.2216,7981.68,United States,Utah,1.0,4.0,4.0,3.0,5028.4584,Large Profit
S01763,9/30/17,Cherry M,Nature Company,RUW Item,2844.6118,7688.14,United States,Arizona,5.0,3.0,5.0,4.333333333333333,4843.528200000001,Large Profit
S01764,9/23/17,Cherry M,Costco,RZH Item,4597.5075,6130.01,United States,Montana,4.0,5.0,5.0,4.666666666666667,1532.5025000000005,Medium Profit
S01765,9/2/17,Cherry M,Nature Company,YRV Item,1514.0881,4092.13,United States,Wyoming,1.0,2.0,3.0,2.0,2578.0419,Large Profit
S01766,3/8/19,Cherry M,Amazon.com,PEN Item,1701.144,3780.32,United States,Colorado,2.0,3.0,1.0,2.0,2079.1760000000004,Large Profit
S01767,5/28/18,Cherry M,Costco,SIW Item,1681.5465,3736.77,United States,NewMexico,2.0,5.0,2.0,3.0,2055.2235,Large Profit
S01768,5/20/18,Cherry M,Yahoo,MQT Item,3266.3488,3711.76,United States,Idaho,3.0,3.0,5.0,3.6666666666666665,445.4112,Small Profit
S01769,3/14/19,Cherry M,Sherman Williams,BEU Item,1804.01705,1929.43,United States,Utah,1.0,4.0,4.0,3.0,125.41295000000014,Small Profit
S01770,6/27/18,Cherry M,The Economist,GVY Item,1647.2456,1761.76,United States,Arizona,1.0,4.0,1.0,2.0,114.51440000000002,Small Profit
S01771,8/23/17,Cherry M,Solar and Wind Inc.,FVF Item,782.5905,1739.09,United States,Montana,3.0,3.0,3.0,3.0,956.4994999999999,Medium Profit
S01772,9/21/17,Dan,Sherman Williams,VTX Item,5774.1146,9955.37,United States,Wyoming,1.0,2.0,1.0,1.3333333333333333,4181.255400000001,Large Profit
S01773,4/5/19,Dan,Peet's Coffee,EWX Item,5043.5935,9170.17,United States,Colorado,1.0,4.0,4.0,3.0,4126.5765,Large Profit
S01774,3/9/18,Dan,Solar and Wind Inc.,NLV Item,7634.90145,8165.67,United States,NewMexico,2.0,2.0,3.0,2.3333333333333335,530.7685499999998,Medium Profit
S01775,1/15/19,Dan,ExcelIsVeryFun.com,JUO Item,5056.9152,7436.64,United States,Idaho,5.0,2.0,4.0,3.6666666666666665,2379.7248,Large Profit
S01776,7/21/17,Dan,The Economist,KYW Item,3119.5597,7254.79,United States,Utah,4.0,3.0,2.0,3.0,4135.2303,Large Profit
S01777,2/28/18,Dan,Home Depot,HDR Item,4939.5375,6586.05,United States,Arizona,3.0,3.0,5.0,3.6666666666666665,1646.5124999999998,Medium Profit
S01778,12/14/18,Dan,The Economist,AOC Item,2416.6485,5370.33,United States,Montana,1.0,4.0,5.0,3.3333333333333335,2953.6815,Large Profit
S01779,11/22/17,Dan,The Economist,PIM Item,4711.2296,5353.67,United States,Wyoming,2.0,2.0,2.0,2.0,642.4404000000004,Medium Profit
S01780,1/9/18,Dan,Home Depot,ACM Item,1205.0756,1772.17,United States,Colorado,1.0,4.0,4.0,3.0,567.0944000000002,Medium Profit
S01781,8/31/18,Dan,Whole Foods,FXL Item,677.3124,1167.78,United States,NewMexico,2.0,4.0,4.0,3.3333333333333335,490.46759999999995,Small Profit
S01782,8/2/18,Dana L,Home Depot,EAP Item,3695.7672,9988.56,United States,Idaho,3.0,5.0,5.0,4.333333333333333,6292.792799999999,Large Profit
S01783,7/19/18,Dana L,ExcelIsVeryFun.com,YUV Item,5046.0,8700.0,United States,Utah,4.0,3.0,3.0,3.3333333333333335,3654.0,Large Profit
S01784,5/8/19,Dana L,Office Depot,OXV Item,6255.495,8340.66,United States,Arizona,2.0,3.0,1.0,2.0,2085.165,Large Profit
S01785,12/19/18,Dana L,Office Depot,XOU Item,5848.9125,7798.55,United States,Montana,1.0,5.0,2.0,2.6666666666666665,1949.6374999999998,Medium Profit
S01786,6/17/17,Dana L,Costco,XHX Item,4577.7274,7758.86,United States,Wyoming,5.0,2.0,3.0,3.3333333333333335,3181.1326,Large Profit
S01787,10/17/18,Dana L,Yahoo,QPN Item,4464.9375,5953.25,United States,Colorado,1.0,4.0,3.0,2.6666666666666665,1488.3125,Medium Profit
S01788,6/4/18,Dana L,Google,JQN Item,3178.329,5778.78,United States,NewMexico,2.0,1.0,4.0,2.3333333333333335,2600.4509999999996,Large Profit
S01789,1/12/19,Dana L,Whole Foods,XPG Item,2809.5705,5108.31,United States,Idaho,4.0,3.0,1.0,2.6666666666666665,2298.7395000000006,Large Profit
S01790,8/2/18,Dana L,McLendon's Hardware,MBM Item,4364.43975,4667.85,United States,Utah,5.0,3.0,3.0,3.6666666666666665,303.4102500000008,Small Profit
S01791,8/21/17,Dana L,McLendon's Hardware,HTZ Item,2606.7184,2962.18,United States,Arizona,3.0,2.0,4.0,3.0,355.46159999999963,Small Profit
S01792,2/19/19,Dana L,Whole Foods,SGN Item,1530.2004,2593.56,United States,Montana,4.0,5.0,5.0,4.666666666666667,1063.3596,Medium Profit
S01793,1/15/18,Dana L,Office Depot,WCB Item,1559.614,2293.55,United States,Wyoming,2.0,4.0,1.0,2.3333333333333335,733.9360000000001,Medium Profit
S01794,5/30/19,Dana L,Costco,JUE Item,1117.5013,1894.07,United States,Colorado,3.0,4.0,1.0,2.6666666666666665,776.5687,Medium Profit
S01795,12/9/17,Dana L,Costco,KVL Item,627.282,1393.96,United States,NewMexico,3.0,3.0,1.0,2.3333333333333335,766.678,Medium Profit
S01796,7/30/17,Dana L,Whole Foods,HQT Item,816.15215,872.89,United States,Idaho,4.0,3.0,2.0,3.0,56.73784999999998,Small Profit
S01797,9/16/18,Dana L,Amazon.com,LOP Item,266.3024,451.36,United States,Utah,1.0,3.0,3.0,2.3333333333333335,185.05760000000004,Small Profit
S01798,11/4/18,Daniil N,McLendon's Hardware,RFP Item,6525.3,8700.4,United States,Arizona,1.0,2.0,5.0,2.6666666666666665,2175.0999999999995,Large Profit
S01799,4/27/18,Daniil N,Whole Foods,ATZ Item,8079.5033,8641.18,United States,Montana,1.0,3.0,3.0,2.3333333333333335,561.6767,Medium Profit
S01800,4/16/19,Daniil N,Google,XFN Item,3494.592,7765.76,United States,Wyoming,2.0,2.0,2.0,2.0,4271.168,Large Profit
S01801,8/25/18,Daniil N,Amazon.com,HGT Item,6362.0568,7229.61,United States,Colorado,3.0,1.0,4.0,2.6666666666666665,867.5531999999994,Medium Profit
S01802,3/21/18,Daniil N,Costco,BQX Item,3280.3056,5559.84,United States,NewMexico,2.0,4.0,3.0,3.0,2279.5344,Large Profit
S01803,8/13/17,Daniil N,Amazon.com,GWT Item,4570.1656,5193.37,United States,Idaho,4.0,3.0,2.0,3.0,623.2043999999996,Medium Profit
S01804,5/19/19,Daniil N,Solar and Wind Inc.,TVT Item,1530.5445,3401.21,United States,Utah,2.0,4.0,1.0,2.3333333333333335,1870.6655,Medium Profit
S01805,7/18/18,Daniil N,Amazon.com,HQQ Item,1068.597,2888.1,United States,Arizona,3.0,2.0,3.0,2.6666666666666665,1819.503,Medium Profit
S01806,2/7/18,Daniil N,Yahoo,ISE Item,1000.8944,2705.12,United States,Montana,2.0,3.0,2.0,2.3333333333333335,1704.2255999999998,Medium Profit
S01807,2/20/19,Daniil N,Whole Foods,RUR Item,1279.0195,2325.49,United States,Wyoming,5.0,5.0,1.0,3.6666666666666665,1046.4704999999997,Medium Profit
S01808,7/31/17,Daniil N,The Economist,DMQ Item,798.1961,1856.27,United States,Colorado,1.0,3.0,4.0,2.6666666666666665,1058.0738999999999,Medium Profit
S01809,6/17/18,Daniil N,Office Depot,BLZ Item,676.907,1147.3,United States,NewMexico,5.0,2.0,1.0,2.6666666666666665,470.3929999999999,Small Profit
S01810,1/5/18,Daniil N,McLendon's Hardware,NGZ Item,644.4688,1092.32,United States,Idaho,3.0,5.0,4.0,4.0,447.85119999999995,Small Profit
S01811,8/27/17,Desiree A,Sherman Williams,THO Item,4832.685,8786.7,United States,Utah,1.0,2.0,2.0,1.6666666666666667,3954.0150000000003,Large Profit
S01812,3/24/19,Desiree A,Office Depot,ULU Item,4901.4292,8450.74,United States,Arizona,5.0,3.0,5.0,4.333333333333333,3549.3108,Large Profit
S01813,1/14/18,Desiree A,Yahoo,MKX Item,7063.188,8026.35,United States,Montana,4.0,4.0,5.0,4.333333333333333,963.1620000000003,Medium Profit
S01814,3/28/18,Desiree A,McLendon's Hardware,WMW Item,4341.2246,7484.87,United States,Wyoming,3.0,4.0,2.0,3.0,3143.6454000000003,Large Profit
S01815,9/16/17,Desiree A,Yahoo,EPP Item,5286.0675,7048.09,United States,Colorado,4.0,4.0,2.0,3.3333333333333335,1762.0225,Medium Profit
S01816,2/27/18,Desiree A,Costco,JUV Item,2790.2655,6200.59,United States,NewMexico,4.0,2.0,3.0,3.0,3410.3245,Large Profit
S01817,7/18/17,Desiree A,Google,UXE Item,3413.985,4551.98,United States,Idaho,2.0,2.0,3.0,2.3333333333333335,1137.9949999999994,Medium Profit
S01818,7/22/17,Desiree A,Amazon.com,PNU Item,1476.1113,3989.49,United States,Utah,4.0,5.0,2.0,3.6666666666666665,2513.3786999999998,Large Profit
S01819,2/23/18,Desiree A,Costco,QVL Item,3422.9536,3889.72,United States,Arizona,2.0,5.0,4.0,3.6666666666666665,466.7664,Small Profit
S01820,10/6/17,Desiree A,Costco,DFI Item,1547.1495,3438.11,United States,Montana,1.0,5.0,2.0,2.6666666666666665,1890.9605000000001,Medium Profit
S01821,5/29/18,Desiree A,Peet's Coffee,EGL Item,2052.7092,3018.69,United States,Wyoming,2.0,2.0,5.0,3.0,965.9808000000003,Medium Profit
S01822,9/9/17,Desiree A,Peet's Coffee,UMN Item,1724.0326,2972.47,United States,Colorado,1.0,5.0,2.0,2.6666666666666665,1248.4373999999998,Medium Profit
S01823,4/26/18,Desiree A,The Economist,QLC Item,1136.673,2525.94,United States,NewMexico,2.0,3.0,2.0,2.3333333333333335,1389.267,Medium Profit
S01824,8/20/18,Desiree A,ExcelIsVeryFun.com,KOC Item,406.5005,1098.65,United States,Idaho,3.0,4.0,5.0,4.0,692.1495000000001,Medium Profit
S01825,8/30/17,Desiree A,ExcelIsVeryFun.com,GZM Item,141.856,257.92,United States,Utah,5.0,4.0,3.0,4.0,116.06400000000002,Small Profit
S01826,10/29/17,Desiree A,Costco,WEH Item,89.3673,151.47,United States,Arizona,5.0,5.0,1.0,3.6666666666666665,62.1027,Small Profit
S01827,10/13/18,Desiree A,Office Depot,UBV Item,18.0728,31.16,United States,Montana,1.0,5.0,5.0,3.6666666666666665,13.0872,Small Profit
S01828,6/18/17,Dina,McLendon's Hardware,SQC Item,3852.5265,8561.17,United States,Wyoming,5.0,3.0,5.0,4.333333333333333,4708.6435,Large Profit
S01829,4/5/19,Dina,Nature Company,ZGL Item,3135.6094,8474.62,United States,Colorado,2.0,4.0,4.0,3.3333333333333335,5339.010600000001,Large Profit
S01830,3/1/18,Dina,Costco,NPP Item,5672.61,7563.48,United States,NewMexico,1.0,5.0,1.0,2.3333333333333335,1890.87,Medium Profit
S01831,2/17/19,Dina,Peet's Coffee,DXG Item,2865.1244,6663.08,United States,Idaho,4.0,2.0,5.0,3.6666666666666665,3797.9556,Large Profit
S01832,4/4/19,Dina,Solar and Wind Inc.,QCL Item,5554.4544,6311.88,United States,Utah,1.0,3.0,3.0,2.3333333333333335,757.4256000000005,Medium Profit
S01833,12/26/17,Dina,Amazon.com,XTZ Item,4914.2984,5584.43,United States,Arizona,5.0,1.0,2.0,2.6666666666666665,670.1316000000006,Medium Profit
S01834,8/5/17,Dina,Whole Foods,SGA Item,4561.1984,5183.18,United States,Montana,3.0,3.0,5.0,3.6666666666666665,621.9816000000001,Medium Profit
S01835,4/28/18,Dina,Whole Foods,URX Item,2659.6846,4507.94,United States,Wyoming,3.0,4.0,4.0,3.6666666666666665,1848.2553999999996,Medium Profit
S01836,5/21/19,Dina,The Economist,IZB Item,1658.331,3685.18,United States,Colorado,5.0,5.0,2.0,4.0,2026.849,Large Profit
S01837,3/31/18,Dina,Google,ILR Item,2899.864,3295.3,United States,NewMexico,5.0,5.0,5.0,5.0,395.43600000000015,Small Profit
S01838,10/21/18,Dina,Nature Company,XHJ Item,1139.5648,1294.96,United States,Idaho,5.0,5.0,5.0,5.0,155.39519999999993,Small Profit
S01839,3/10/18,Dina,Yahoo,BXK Item,113.475,151.3,United States,Utah,1.0,2.0,5.0,2.6666666666666665,37.82500000000002,Small Profit
S01840,6/7/19,Donald Wayne,Solar and Wind Inc.,KBF Item,6353.3624,9343.18,United States,Arizona,2.0,5.0,1.0,2.6666666666666665,2989.8176000000003,Large Profit
S01841,5/4/18,Donald Wayne,ExcelIsVeryFun.com,ZYF Item,3987.054,8860.12,United States,Montana,5.0,5.0,5.0,5.0,4873.066000000001,Large Profit
S01842,1/10/19,Donald Wayne,Home Depot,NUB Item,4785.209,8700.38,United States,Wyoming,5.0,1.0,3.0,3.0,3915.1709999999994,Large Profit
S01843,4/12/18,Donald Wayne,Office Depot,UAH Item,7061.42855,7552.33,United States,Colorado,2.0,1.0,2.0,1.6666666666666667,490.9014500000003,Small Profit
S01844,7/11/18,Donald Wayne,McLendon's Hardware,JGS Item,3107.2789,7226.23,United States,NewMexico,2.0,2.0,3.0,2.3333333333333335,4118.9511,Large Profit
S01845,2/20/19,Donald Wayne,Whole Foods,LJR Item,5014.6275,6686.17,United States,Idaho,1.0,1.0,1.0,1.0,1671.5425000000005,Medium Profit
S01846,1/4/19,Donald Wayne,Costco,HAC Item,2693.556,5985.68,United States,Utah,4.0,3.0,3.0,3.3333333333333335,3292.1240000000003,Large Profit
S01847,5/30/19,Donald Wayne,Whole Foods,JLK Item,5224.19095,5587.37,United States,Arizona,3.0,4.0,2.0,3.0,363.17904999999973,Small Profit
S01848,6/27/18,Donald Wayne,McLendon's Hardware,MZQ Item,2180.67,2907.56,United States,Montana,4.0,2.0,1.0,2.3333333333333335,726.8899999999999,Medium Profit
S01849,6/19/17,Donald Wayne,McLendon's Hardware,PRP Item,121.977,271.06,United States,Wyoming,1.0,4.0,3.0,2.6666666666666665,149.083,Small Profit
S01850,5/12/19,Hassan M,Whole Foods,MEO Item,4596.955,8358.1,United States,Colorado,2.0,4.0,3.0,3.0,3761.1450000000004,Large Profit
S01851,3/12/18,Hassan M,Sherman Williams,FNS Item,4562.5635,8295.57,United States,NewMexico,3.0,3.0,5.0,3.6666666666666665,3733.0064999999995,Large Profit
S01852,1/1/19,Hassan M,Google,ETU Item,4341.1787,7357.93,United States,Idaho,1.0,1.0,1.0,1.0,3016.7513,Large Profit
S01853,6/17/17,Hassan M,Sherman Williams,UBU Item,4919.6028,7234.71,United States,Utah,2.0,2.0,5.0,3.0,2315.1072000000004,Large Profit
S01854,12/20/18,Hassan M,Peet's Coffee,VQR Item,5489.836,6238.45,United States,Arizona,3.0,3.0,2.0,2.6666666666666665,748.6139999999996,Medium Profit
S01855,11/7/18,Hassan M,Sherman Williams,NVK Item,5664.72555,6058.53,United States,Montana,1.0,2.0,4.0,2.3333333333333335,393.80444999999963,Small Profit
S01856,12/3/17,Hassan M,Costco,PQN Item,1514.9516,2227.87,United States,Wyoming,1.0,2.0,2.0,1.6666666666666667,712.9183999999998,Medium Profit
S01857,12/18/18,Hassan M,The Economist,XSW Item,829.7996,1406.44,United States,Colorado,4.0,2.0,5.0,3.6666666666666665,576.6404,Medium Profit
S01858,1/10/18,Hassan M,Amazon.com,ZBP Item,988.2389,1056.94,United States,NewMexico,2.0,5.0,2.0,3.0,68.70110000000011,Small Profit
S01859,6/10/19,Hassan M,Whole Foods,EPZ Item,209.3046,360.87,United States,Idaho,4.0,4.0,1.0,3.0,151.5654,Small Profit
S01860,2/22/19,Hassan M,Amazon.com,PTK Item,283.118,302.8,United States,Utah,3.0,5.0,2.0,3.3333333333333335,19.682000000000016,Small Profit
S01861,10/14/17,Hassan M,ExcelIsVeryFun.com,SYO Item,185.8712,273.34,United States,Arizona,4.0,3.0,4.0,3.6666666666666665,87.46879999999999,Small Profit
S01862,10/31/18,Michael G,Office Depot,PVM Item,5670.6552,9611.28,United States,Montana,5.0,1.0,1.0,2.3333333333333335,3940.6248000000005,Large Profit
S01863,10/7/18,Michael G,Home Depot,XQV Item,5117.514,8823.3,United States,Wyoming,1.0,5.0,1.0,2.3333333333333335,3705.785999999999,Large Profit
S01864,3/2/18,Michael G,Sherman Williams,VBS Item,4427.3895,7504.05,United States,Colorado,5.0,5.0,2.0,4.0,3076.6605,Large Profit
S01865,11/9/17,Michael G,Solar and Wind Inc.,OET Item,3704.655,4939.54,United States,NewMexico,3.0,5.0,4.0,4.0,1234.8849999999998,Medium Profit
S01866,6/24/17,Michael G,Peet's Coffee,XJT Item,2079.8685,4621.93,United States,Idaho,5.0,1.0,1.0,2.3333333333333335,2542.0615000000003,Large Profit
S01867,10/10/18,Michael G,Sherman Williams,WIZ Item,3688.4848,4191.46,United States,Utah,2.0,4.0,3.0,3.0,502.97519999999986,Medium Profit
S01868,8/23/18,Michael G,The Economist,EEE Item,3775.9227,4038.42,United States,Arizona,1.0,3.0,2.0,2.0,262.4973,Small Profit
S01869,7/2/18,Michael G,Google,UNH Item,2727.48,3636.64,United States,Montana,2.0,4.0,2.0,2.6666666666666665,909.1599999999999,Medium Profit
S01870,12/3/18,Michael G,McLendon's Hardware,XCQ Item,2044.5683,3465.37,United States,Wyoming,4.0,4.0,3.0,3.6666666666666665,1420.8017,Medium Profit
S01871,12/19/18,Michael G,Yahoo,KUX Item,1619.3485,2944.27,United States,Colorado,5.0,2.0,1.0,2.6666666666666665,1324.9215,Medium Profit
S01872,4/6/19,Michael G,Yahoo,SHA Item,1934.5304,2198.33,United States,NewMexico,1.0,1.0,5.0,2.3333333333333335,263.7995999999998,Small Profit
S01873,4/12/19,Michael G,McLendon's Hardware,CCA Item,751.7565,1670.57,United States,Idaho,2.0,2.0,5.0,3.0,918.8135,Medium Profit
S01874,3/28/18,Michael G,McLendon's Hardware,WLP Item,287.936,523.52,United States,Utah,5.0,5.0,4.0,4.666666666666667,235.584,Small Profit
S01875,2/10/19,Michael G,Google,TLJ Item,178.7475,238.33,United States,Arizona,5.0,5.0,4.0,4.666666666666667,59.58250000000001,Small Profit
S01876,2/4/19,Michael G,Google,RBI Item,217.49035,232.61,United States,Montana,1.0,1.0,5.0,2.3333333333333335,15.119650000000007,Small Profit
S01877,4/18/18,Michael G,Whole Foods,EFD Item,45.0065,81.83,United States,Wyoming,2.0,3.0,5.0,3.3333333333333335,36.823499999999996,Small Profit
S01878,9/18/17,Nikol M,The Economist,NRF Item,5773.1677,9785.03,United States,Colorado,4.0,1.0,5.0,3.3333333333333335,4011.8623000000007,Large Profit
S01879,7/6/18,Nikol M,Solar and Wind Inc.,WZJ Item,8824.3991,9437.86,United States,NewMexico,3.0,2.0,3.0,2.6666666666666665,613.4609,Medium Profit
S01880,7/25/18,Nikol M,Nature Company,DSU Item,3287.614,5977.48,United States,Idaho,1.0,1.0,3.0,1.6666666666666667,2689.8659999999995,Large Profit
S01881,3/12/18,Nikol M,Nature Company,HNS Item,2181.6051,5896.23,United States,Utah,2.0,1.0,2.0,1.6666666666666667,3714.6248999999993,Large Profit
S01882,9/5/17,Nikol M,Home Depot,ERF Item,5486.8231,5868.26,United States,Arizona,4.0,3.0,2.0,3.0,381.4369000000006,Small Profit
S01883,3/31/18,Nikol M,Solar and Wind Inc.,VDA Item,2944.1,4990.0,United States,Montana,4.0,1.0,4.0,3.0,2045.9,Large Profit
S01884,10/22/17,Nikol M,Costco,WKC Item,1721.5523,4003.61,United States,Wyoming,4.0,5.0,3.0,4.0,2282.0577000000003,Large Profit
S01885,3/7/18,Nikol M,ExcelIsVeryFun.com,RHE Item,2921.1075,3894.81,United States,Colorado,4.0,2.0,4.0,3.3333333333333335,973.7024999999999,Medium Profit
S01886,8/25/18,Nikol M,Solar and Wind Inc.,PUA Item,2050.445,3535.25,United States,NewMexico,4.0,1.0,2.0,2.3333333333333335,1484.8049999999998,Medium Profit
S01887,11/21/18,Nikol M,Google,NWT Item,1768.9536,3049.92,United States,Idaho,2.0,3.0,4.0,3.0,1280.9664,Medium Profit
S01888,8/26/18,Nikol M,Costco,VTL Item,1041.6943,2815.39,United States,Utah,2.0,3.0,2.0,2.3333333333333335,1773.6956999999998,Medium Profit
S01889,1/1/18,Nikol M,The Economist,PTH Item,1449.1455,2634.81,United States,Arizona,4.0,1.0,5.0,3.3333333333333335,1185.6644999999999,Medium Profit
S01890,7/10/18,Nikol M,Sherman Williams,PZX Item,310.1099,525.61,United States,Montana,1.0,4.0,1.0,2.0,215.50010000000003,Small Profit
S01891,8/20/18,Nikol M,McLendon's Hardware,EUH Item,196.4584,456.88,United States,Wyoming,3.0,5.0,5.0,4.333333333333333,260.4216,Small Profit
S01892,10/21/18,Sarabeth L,McLendon's Hardware,YSZ Item,8114.07025,8678.15,United States,Colorado,2.0,2.0,1.0,1.6666666666666667,564.0797499999999,Medium Profit
S01893,8/25/18,Sarabeth L,Office Depot,BUZ Item,4355.793,7382.7,United States,NewMexico,2.0,3.0,3.0,2.6666666666666665,3026.907,Large Profit
S01894,3/12/19,Sarabeth L,Solar and Wind Inc.,FJH Item,3499.5866,6033.77,United States,Idaho,1.0,2.0,2.0,1.6666666666666667,2534.1834000000003,Large Profit
S01895,2/3/18,Sarabeth L,Nature Company,WHF Item,5162.8456,5521.76,United States,Utah,5.0,3.0,1.0,3.0,358.91440000000057,Small Profit
S01896,8/23/17,Sarabeth L,Yahoo,ZBJ Item,3081.9657,3296.22,United States,Arizona,5.0,4.0,1.0,3.3333333333333335,214.2542999999996,Small Profit
S01897,5/19/19,Sarabeth L,Solar and Wind Inc.,GFI Item,1798.3016,3100.52,United States,Montana,2.0,4.0,4.0,3.3333333333333335,1302.2184,Medium Profit
S01898,9/24/17,Sarabeth L,Yahoo,UCA Item,1267.398,2304.36,United States,Wyoming,5.0,3.0,3.0,3.6666666666666665,1036.9620000000002,Medium Profit
S01899,7/20/18,Sarabeth L,Nature Company,HTK Item,1118.2211,1895.29,United States,Colorado,5.0,2.0,5.0,4.0,777.0689,Medium Profit
S01900,8/11/17,Sarabeth L,Home Depot,WSQ Item,748.4408,1740.56,United States,NewMexico,5.0,4.0,4.0,4.333333333333333,992.1192,Medium Profit
S01901,9/6/17,Sarabeth L,Google,WXN Item,826.56805,884.03,United States,Idaho,3.0,4.0,4.0,3.6666666666666665,57.46195,Small Profit
S01902,4/29/19,Sarabeth L,McLendon's Hardware,GUA Item,195.219,433.82,United States,Utah,4.0,2.0,4.0,3.3333333333333335,238.601,Small Profit
S01903,10/24/18,Shannon L,Solar and Wind Inc.,PKE Item,7137.555,9516.74,United States,Arizona,4.0,5.0,2.0,3.6666666666666665,2379.1849999999995,Large Profit
S01904,5/4/19,Shannon L,ExcelIsVeryFun.com,ZAW Item,5376.2629,9112.31,United States,Montana,2.0,4.0,4.0,3.3333333333333335,3736.0471,Large Profit
S01905,12/13/18,Shannon L,Nature Company,CGK Item,3799.8369,8836.83,United States,Wyoming,5.0,3.0,3.0,3.6666666666666665,5036.9931,Large Profit
S01906,10/24/18,Shannon L,Google,MON Item,3074.7962,8310.26,United States,Colorado,1.0,3.0,5.0,3.0,5235.4637999999995,Large Profit
S01907,11/14/18,Shannon L,Peet's Coffee,MBQ Item,4520.3884,6647.63,United States,NewMexico,3.0,3.0,1.0,2.3333333333333335,2127.2416000000003,Large Profit
S01908,7/9/17,Shannon L,Peet's Coffee,DQS Item,1236.6886,2876.02,United States,Idaho,4.0,4.0,5.0,4.333333333333333,1639.3314,Medium Profit
S01909,4/3/18,Shannon L,Whole Foods,MFB Item,1174.977,2611.06,United States,Utah,1.0,4.0,4.0,3.0,1436.0829999999999,Medium Profit
S01910,8/1/17,Shannon L,Nature Company,KJR Item,2222.2552,2525.29,United States,Arizona,4.0,5.0,4.0,4.333333333333333,303.0347999999999,Small Profit
S01911,11/21/18,Shannon L,Office Depot,LHW Item,396.8953,1072.69,United States,Montana,4.0,1.0,2.0,2.3333333333333335,675.7947,Medium Profit
S01912,10/11/18,Shannon L,Amazon.com,DRL Item,396.1265,720.23,United States,Wyoming,4.0,1.0,1.0,2.0,324.1035,Small Profit
S01913,2/10/18,Shuting,The Economist,QLF Item,4297.5232,9994.24,United States,Colorado,1.0,1.0,1.0,1.0,5696.7168,Large Profit
S01914,10/11/17,Shuting,Whole Foods,OTU Item,7307.29615,7815.29,United States,NewMexico,3.0,1.0,1.0,1.6666666666666667,507.99384999999984,Medium Profit
S01915,12/9/18,Shuting,Peet's Coffee,NAS Item,6544.0144,7436.38,United States,Idaho,5.0,4.0,4.0,4.333333333333333,892.3656000000001,Medium Profit
S01916,3/16/18,Shuting,Office Depot,MZV Item,4363.1798,7395.22,United States,Utah,3.0,4.0,4.0,3.6666666666666665,3032.0402000000004,Large Profit
S01917,1/2/19,Shuting,Peet's Coffee,RCI Item,3217.3425,7149.65,United States,Arizona,5.0,5.0,2.0,4.0,3932.3074999999994,Large Profit
S01918,1/2/18,Shuting,Home Depot,AKB Item,2272.1071,6140.83,United States,Montana,3.0,4.0,4.0,3.6666666666666665,3868.7228999999998,Large Profit
S01919,12/5/17,Shuting,Yahoo,HAI Item,2640.132,4800.24,United States,Wyoming,5.0,3.0,4.0,4.0,2160.1079999999997,Large Profit
S01920,2/24/18,Shuting,Home Depot,CPS Item,1636.9355,4424.15,United States,Colorado,2.0,2.0,2.0,2.0,2787.2144999999996,Large Profit
S01921,6/13/19,Shuting,Nature Company,OZR Item,2187.7136,3771.92,United States,NewMexico,5.0,5.0,2.0,4.0,1584.2064,Medium Profit
S01922,12/10/17,Shuting,Home Depot,WWU Item,3043.75225,3255.35,United States,Idaho,2.0,5.0,3.0,3.3333333333333335,211.5977499999999,Small Profit
S01923,5/9/18,Shuting,Sherman Williams,SYY Item,1059.3137,2863.01,United States,Utah,3.0,5.0,2.0,3.3333333333333335,1803.6963000000003,Medium Profit
S01924,12/6/17,Shuting,ExcelIsVeryFun.com,YGD Item,2226.9456,2530.62,United States,Arizona,5.0,2.0,4.0,3.6666666666666665,303.6743999999999,Small Profit
S01925,9/12/17,Shuting,Whole Foods,PTZ Item,1454.76,1939.68,United States,Montana,4.0,1.0,2.0,2.3333333333333335,484.9200000000001,Small Profit
S01926,7/16/17,Shuting,Home Depot,HYH Item,858.4638,1480.11,United States,Wyoming,3.0,3.0,1.0,2.3333333333333335,621.6461999999999,Medium Profit
S01927,10/15/18,Shuting,Whole Foods,XWY Item,321.409,584.38,United States,Colorado,2.0,1.0,2.0,1.6666666666666667,262.971,Small Profit
S01928,10/1/17,Suzanne M,The Economist,APM Item,6615.39,8820.52,United States,NewMexico,1.0,3.0,2.0,2.0,2205.13,Large Profit
S01929,6/8/19,Suzanne M,Yahoo,VVA Item,4949.5336,8389.04,United States,Idaho,5.0,3.0,5.0,4.333333333333333,3439.506400000001,Large Profit
S01930,12/26/17,Suzanne M,Amazon.com,CCB Item,6261.7875,8349.05,United States,Utah,2.0,2.0,4.0,2.6666666666666665,2087.262499999999,Large Profit
S01931,5/28/18,Suzanne M,Sherman Williams,CAI Item,6919.748,7863.35,United States,Arizona,5.0,5.0,3.0,4.333333333333333,943.6020000000008,Medium Profit
S01932,10/7/18,Suzanne M,Peet's Coffee,DJT Item,3328.6859,7741.13,United States,Montana,5.0,3.0,4.0,4.0,4412.444100000001,Large Profit
S01933,9/13/17,Suzanne M,Home Depot,LJF Item,2811.7965,7599.45,United States,Wyoming,4.0,4.0,3.0,3.6666666666666665,4787.6535,Large Profit
S01934,2/6/19,Suzanne M,Yahoo,QTS Item,3138.5098,7298.86,United States,Colorado,3.0,2.0,1.0,2.0,4160.3502,Large Profit
S01935,8/17/17,Suzanne M,Amazon.com,PCQ Item,6390.6656,7262.12,United States,NewMexico,2.0,2.0,1.0,1.6666666666666667,871.4543999999996,Medium Profit
S01936,6/30/17,Suzanne M,Peet's Coffee,MHN Item,5122.01415,5478.09,United States,Idaho,3.0,1.0,4.0,2.6666666666666665,356.0758500000002,Small Profit
S01937,2/21/19,Suzanne M,Google,LEL Item,1860.2527,5027.71,United States,Utah,1.0,1.0,4.0,2.0,3167.4573,Large Profit
S01938,9/19/18,Suzanne M,The Economist,KQN Item,1622.2909,4384.57,United States,Arizona,5.0,4.0,3.0,4.0,2762.2790999999997,Large Profit
S01939,5/19/19,Suzanne M,Nature Company,GVD Item,1854.6072,4313.04,United States,Montana,1.0,2.0,1.0,1.3333333333333333,2458.4328,Large Profit
S01940,12/22/17,Suzanne M,Office Depot,MBR Item,3786.8864,4303.28,United States,Wyoming,2.0,4.0,1.0,2.3333333333333335,516.3935999999999,Medium Profit
S01941,5/16/18,Suzanne M,Solar and Wind Inc.,HLE Item,3632.2319,3884.74,United States,Colorado,5.0,1.0,2.0,2.6666666666666665,252.50809999999956,Small Profit
S01942,8/9/17,Suzanne M,Peet's Coffee,XWX Item,1149.2866,3106.18,United States,NewMexico,2.0,5.0,5.0,4.0,1956.8934,Medium Profit
S01943,3/29/19,Suzanne M,Nature Company,ZEE Item,1746.5424,3011.28,United States,Idaho,5.0,1.0,3.0,3.0,1264.7376000000002,Medium Profit
S01944,7/21/18,Suzanne M,Amazon.com,RUQ Item,1625.0625,2166.75,United States,Utah,4.0,2.0,1.0,2.3333333333333335,541.6875,Medium Profit
S01945,6/1/18,Suzanne M,Solar and Wind Inc.,CCV Item,1205.9256,1773.42,United States,Arizona,2.0,5.0,3.0,3.3333333333333335,567.4944,Medium Profit
S01946,12/8/17,Suzanne M,Sherman Williams,NJY Item,975.5484,1681.98,United States,Montana,2.0,3.0,4.0,3.0,706.4316,Medium Profit
S01947,8/20/18,Suzanne M,ExcelIsVeryFun.com,FXJ Item,871.995,1162.66,United States,Wyoming,2.0,2.0,2.0,2.0,290.6650000000001,Small Profit
S01948,12/17/17,Suzanne M,Yahoo,UAD Item,758.6964,1115.73,United States,Colorado,1.0,3.0,1.0,1.6666666666666667,357.0336,Small Profit
S01949,3/3/19,Suzanne M,ExcelIsVeryFun.com,KPO Item,426.4783,991.81,United States,NewMexico,4.0,2.0,4.0,3.3333333333333335,565.3317,Medium Profit
S01950,1/24/19,Toni M,ExcelIsVeryFun.com,YWZ Item,4083.1811,9495.77,United States,Idaho,4.0,1.0,1.0,2.0,5412.588900000001,Large Profit
S01951,10/29/18,Toni M,Office Depot,FIO Item,6204.5716,9124.37,United States,Utah,3.0,5.0,5.0,4.333333333333333,2919.7984000000006,Large Profit
S01952,9/5/18,Toni M,Costco,VCN Item,6648.6825,8864.91,United States,Arizona,2.0,3.0,4.0,3.0,2216.2275,Large Profit
S01953,2/10/18,Toni M,Costco,FSD Item,3806.2052,8851.64,United States,Montana,2.0,5.0,5.0,4.0,5045.434799999999,Large Profit
S01954,5/13/18,Toni M,Sherman Williams,YYW Item,5089.4167,8626.13,United States,Wyoming,1.0,5.0,4.0,3.3333333333333335,3536.7132999999994,Large Profit
S01955,12/13/17,Toni M,Whole Foods,IQG Item,8046.45105,8605.83,United States,Colorado,1.0,2.0,4.0,2.3333333333333335,559.3789500000003,Medium Profit
S01956,10/26/17,Toni M,Costco,UYR Item,3188.9187,7416.09,United States,NewMexico,4.0,5.0,5.0,4.666666666666667,4227.1713,Large Profit
S01957,12/7/17,Toni M,ExcelIsVeryFun.com,AIU Item,3845.5505,6991.91,United States,Idaho,2.0,5.0,5.0,4.0,3146.3595,Large Profit
S01958,7/25/17,Toni M,Nature Company,YTG Item,2898.5698,6740.86,United States,Utah,5.0,4.0,1.0,3.3333333333333335,3842.2901999999995,Large Profit
S01959,9/6/18,Toni M,The Economist,HEB Item,4592.5725,6123.43,United States,Arizona,2.0,2.0,2.0,2.0,1530.8575,Medium Profit
S01960,10/15/18,Toni M,Costco,AOG Item,2632.6793,6122.51,United States,Montana,1.0,2.0,4.0,2.3333333333333335,3489.8307000000004,Large Profit
S01961,1/2/18,Toni M,Amazon.com,TZM Item,3591.4716,6087.24,United States,Wyoming,2.0,3.0,3.0,2.6666666666666665,2495.7684,Large Profit
S01962,9/2/17,Toni M,Sherman Williams,BNH Item,3978.6256,5850.92,United States,Colorado,4.0,1.0,2.0,2.3333333333333335,1872.2944000000002,Medium Profit
S01963,2/9/18,Toni M,The Economist,LOC Item,3654.0525,4872.07,United States,NewMexico,1.0,2.0,2.0,1.6666666666666667,1218.0175,Medium Profit
S01964,5/2/18,Toni M,Solar and Wind Inc.,FVX Item,1628.9805,4402.65,United States,Idaho,3.0,2.0,2.0,2.3333333333333335,2773.6695,Large Profit
S01965,2/20/18,Toni M,Yahoo,AOJ Item,3261.6914,3488.44,United States,Utah,4.0,5.0,4.0,4.333333333333333,226.7485999999999,Small Profit
S01966,1/17/18,Toni M,The Economist,AYF Item,3119.0852,3335.92,United States,Arizona,1.0,2.0,5.0,2.6666666666666665,216.8348000000001,Small Profit
S01967,8/29/17,Toni M,Whole Foods,PXA Item,1451.1935,2459.65,United States,Montana,3.0,4.0,5.0,4.0,1008.4565,Medium Profit
S01968,1/22/18,Toni M,Costco,CNG Item,1735.734,1856.4,United States,Wyoming,2.0,4.0,2.0,2.6666666666666665,120.66600000000017,Small Profit
S01969,8/6/17,Toni M,Amazon.com,QYE Item,1600.324,1818.55,United States,Colorado,5.0,2.0,1.0,2.6666666666666665,218.22599999999989,Small Profit
S01970,5/22/19,Toni M,Amazon.com,EIO Item,776.8485,1726.33,United States,NewMexico,2.0,2.0,4.0,2.6666666666666665,949.4815,Medium Profit
S01971,8/23/18,Toni M,ExcelIsVeryFun.com,MCX Item,1107.195,1476.26,United States,Idaho,1.0,1.0,3.0,1.6666666666666667,369.06500000000005,Small Profit
S01972,7/29/17,Tonya J,Yahoo,CJK Item,4675.3355,8500.61,United States,Utah,1.0,4.0,2.0,2.3333333333333335,3825.2745000000004,Large Profit
S01973,2/14/18,Tonya J,Home Depot,QOX Item,5433.78,7245.04,United States,Arizona,2.0,1.0,3.0,2.0,1811.2600000000002,Medium Profit
S01974,5/2/18,Tonya J,Google,SWB Item,4067.1862,7012.39,United States,Montana,3.0,2.0,2.0,2.3333333333333335,2945.2038000000002,Large Profit
S01975,12/17/18,Tonya J,Peet's Coffee,ZLU Item,3823.4242,6480.38,United States,Wyoming,3.0,3.0,3.0,3.0,2656.9558,Large Profit
S01976,8/29/17,Tonya J,The Economist,WBL Item,3887.322,5716.65,United States,Colorado,3.0,3.0,4.0,3.3333333333333335,1829.3279999999995,Medium Profit
S01977,7/20/18,Tonya J,Yahoo,BQA Item,3220.41,4293.88,United States,NewMexico,5.0,3.0,2.0,3.3333333333333335,1073.4700000000003,Medium Profit
S01978,8/19/17,Tonya J,The Economist,RDW Item,1427.2639,3857.47,United States,Idaho,4.0,2.0,5.0,3.6666666666666665,2430.2061,Large Profit
S01979,9/8/18,Tonya J,The Economist,EEH Item,1850.45,2721.25,United States,Utah,3.0,1.0,1.0,1.6666666666666667,870.8,Medium Profit
S01980,5/13/19,Tonya J,Office Depot,RUK Item,927.6233,2507.09,United States,Arizona,5.0,2.0,5.0,4.0,1579.4667000000002,Medium Profit
S01981,12/27/18,Tonya J,Nature Company,IYT Item,1390.5881,1487.26,United States,Montana,3.0,3.0,2.0,2.6666666666666665,96.67190000000005,Small Profit
S01982,7/20/18,Tonya J,Google,YPR Item,983.025,1310.7,United States,Wyoming,4.0,1.0,4.0,3.0,327.67500000000007,Small Profit
S01983,1/31/19,Tonya J,Google,HFG Item,568.5276,836.07,United States,Colorado,2.0,4.0,1.0,2.3333333333333335,267.54240000000004,Small Profit
S01984,12/18/17,Tonya J,Amazon.com,YHA Item,114.453,254.34,United States,NewMexico,2.0,4.0,2.0,2.6666666666666665,139.887,Small Profit
S01985,11/30/17,Vivien R,ExcelIsVeryFun.com,AEW Item,4760.7908,8208.26,United States,Idaho,2.0,4.0,1.0,2.3333333333333335,3447.4692000000005,Large Profit
S01986,12/28/18,Vivien R,Google,HEN Item,5129.13,6838.84,United States,Utah,2.0,1.0,2.0,1.6666666666666667,1709.71,Medium Profit
S01987,5/22/19,Vivien R,Nature Company,QAI Item,4441.3792,6531.44,United States,Arizona,2.0,4.0,4.0,3.3333333333333335,2090.0607999999993,Large Profit
S01988,5/3/19,Vivien R,Yahoo,YRA Item,3843.0653,6513.67,United States,Montana,5.0,1.0,4.0,3.3333333333333335,2670.6047,Large Profit
S01989,2/25/19,Vivien R,Office Depot,URT Item,2306.7687,6234.51,United States,Wyoming,5.0,1.0,1.0,2.3333333333333335,3927.7413,Large Profit
S01990,7/4/18,Vivien R,Peet's Coffee,VFI Item,2910.9562,5018.89,United States,Colorado,5.0,4.0,2.0,3.6666666666666665,2107.9338000000002,Large Profit
S01991,2/4/18,Vivien R,Amazon.com,NEJ Item,4457.7247,4767.62,United States,NewMexico,2.0,3.0,5.0,3.3333333333333335,309.89530000000013,Small Profit
S01992,8/5/18,Vivien R,ExcelIsVeryFun.com,VZK Item,3234.7872,4757.04,United States,Idaho,4.0,3.0,2.0,3.0,1522.2527999999998,Medium Profit
S01993,6/15/18,Vivien R,Google,PZI Item,3301.635,4402.18,United States,Utah,4.0,4.0,3.0,3.6666666666666665,1100.545,Medium Profit
S01994,9/10/18,Vivien R,Sherman Williams,XOB Item,1625.3027,4392.71,United States,Arizona,4.0,5.0,5.0,4.666666666666667,2767.4073,Large Profit
S01995,12/29/18,Vivien R,Solar and Wind Inc.,FTW Item,3249.645,4332.86,United States,Montana,4.0,3.0,4.0,3.6666666666666665,1083.2149999999997,Medium Profit
S01996,4/16/19,Vivien R,ExcelIsVeryFun.com,XBY Item,2350.4616,4052.52,United States,Wyoming,4.0,2.0,1.0,2.3333333333333335,1702.0584,Medium Profit
S01997,8/31/17,Vivien R,Peet's Coffee,PSW Item,2393.5456,3519.92,United States,Colorado,2.0,5.0,3.0,3.3333333333333335,1126.3744000000002,Medium Profit
S01998,5/17/18,Vivien R,Costco,YJD Item,1123.72975,1201.85,United States,NewMexico,4.0,3.0,4.0,3.6666666666666665,78.12024999999994,Small Profit
S01999,8/25/17,Vivien R,Sherman Williams,OLN Item,666.7448,1149.56,United States,Idaho,3.0,4.0,5.0,4.0,482.8151999999999,Small Profit
